2850 4584
1269 271 1278 286 “
1459 269 1537 328 12

1602 353 1623 383 x

463 469 844 554 descripsit,
919 466 1036 530 sed
1093 463 1336 528 factum
1393 435 1656 538 ‚nonnisi
1721 460 1931 536 obiter
1988 468 2537 546 commemoravit,
2626 497 2638 507 -

458 584 593 648 vim
635 594 702 644 et
745 601 931 643 usum
973 573 1352 660 religiosum
1410 578 1677 662 egregie
1727 575 2081 641 indicavit:
2167 578 2239 645 τὸ
2264 615 2275 622 ·
2299 581 2537 662 πνεῦμα

459 701 830 781 καταβαῖνον
874 691 1092 774 ἔμεινεν
1137 688 1223 754 ἐπ’
1231 688 1440 755 ἀυτὸν.

626 806 1064 870 Struebat-am
1105 797 1461 865 verboram
1482 846 1503 880 ‚
1570 799 1742 884 apud
1785 801 1921 866 Mt
1966 811 2101 867 tum
2143 798 2527 864 hebraismis

453 915 830 1004 impeditam
874 910 1000 999 (καὶ
1041 912 1216 979 ἰδοὺ.
1241 963 1256 977 .
1299 910 1402 978 καὶ
1447 911 1605 995 ἰδοὺ)
1657 922 1792 976 tum
1839 911 2163 978 anomalia
2212 935 2533 998 gramma-

455 1032 584 1096 tica
609 1071 646 1110 ,·
674 1029 776 1096 M.
811 1015 876 1091 et
909 1021 1000 1092 L.
1035 1007 1519 1104 emendat-unc,
1562 1022 1818 1088 felicius
1860 1037 2077 1089 tamen
2121 1025 2245 1108 M.‚
2290 1028 2397 1112 qui
2443 1025 2530 1088 ad

449 1129 636 1246 leges
683 1152 1036 1224 syntaxeos
1080 1157 1310 1221 graecae
1354 1123 1591 1222 stylum
1635 1134 2115 1204 hellenisticum
2174 1139 2523 1219 revocavit,

448 1259 521 1319 in
569 1254 692 1318 hoc
741 1271 992 1338 quoque
1036 1247 1437 1330 laudandus,
1483 1249 1653 1334 quod
1686 1271 1932 1356 lvocem
1984 1235 2175 1328 ἕυθὺξ
2219 1271 2349 1316 non
2395 1263 2525 1315 tam

451 1368 538 1434 ad
578 1367 1007 1431 emersionem
1038 1382 1128 1424 ex
1158 1383 1324 1447 aqua
1353 1362 1475 1447 (sic
1508 1360 1695 1444 Mt.)‚
1743 1383 1933 1448 quam
1971 1363 2059 1426 ad
2094 1361 2313 1427 coelos
2341 1385 2525 1450 aper-

449 1491 554 1544 tos
597 1475 960 1542 accuratius
1002 1471 1244 1542 retulit.

616 1592 706 1658 L.
767 1587 1080 1674 Spiritum
1127 1589 1181 1652 d.
1240 1582 1551 1672 graphice
1609 1588 1815 1671 quasi·
1856 1586 2153 1672 depinxit
2179 1591 2251 1668 ‚“
2296 1587 2518 1650 addito

445 1707 770 1792 σωματικῷ
814 1703 978 1780 ἔιδει,
1022 1698 1222 1767 verba
1263 1695 1493 1782 angeli
1522 1717 1712 1778 vero,
1756 1720 1818 1761 a
1828 1697 1953 1767 Mt.
2000 1699 2283 1786 persona
2326 1701 2517 1764 tertia

443 1837 804 1906 expressa,
843 1815 917 1878 in
961 1812 1309 1878 secundam
1351 1813 1657 1886 mutavit3
1705 1814 1775 1876 in
1826 1834 1951 1898 quo
1992 1811 2097 1878 M.
2146 1835 2293 1876 eum
2334 1835 2513 1878 secu-

443 1943 551 2000 tus
593 1941 725 2013 est,
776 1947 970 2019 quum
1012 1928 1085 1992 in
1131 1893 1279 1990 aliis
1316 1926 1437 2011 (vs.
1492 1925 1599 2010 10)
1642 1923 1726 1990 ad
1758 1921 1881 1990 Mt.
1928 1927 2194 2016 propius
2238 1925 2508 1991 accedit.

1371 2160 1582 2243 XIV.
1614 2191 1621 2196 ·
1655 2191 1663 2196 ·

629 2333 843 2398 Matth.
881 2337 940 2404 4,
978 2299 1172 2398 1-41.
1245 2335 1432 2393 Marc.
1472 2346 1529 2406 1,
1565 2345 1654 2399 12.
1699 2343 1789 2400 13.
1854 2337 1993 2392 Luc.
2029 2342 2087 2407 4,
2123 2343 2318 2420 1-13.

919 2445 1234 2518 Christus
1273 2447 1350 2514 in
1393 2449 1665 2534 deserto
1701 2459 2029 2536 tentetur.
2066 2523 2081 2551 τ
2196 2521 2235 2532 ,⁴

615 2599 918 2671 Membra
962 2604 1337 2668 tentationis
1380 2604 1734 2669 secundum
1783 2616 1849 2667 et
1880 2604 2138 2668 tertium
2169 2602 2340 2688 a‘pud
2372 2603 2502 2668 Mt.
2578 2623 2587 2638 ·

436 2714 504 2783 et
545 2717 636 2784 L.
689 2714 929 2782 ordine
971 2716 1237 2782 inverso
1280 2716 1575 2782 exhibita
1618 2729 1795 2782 sunt:
1862 2715 1977 2780 ille
2021 2719 2339 2781 rationem
2386 2714 2504 2780 in-

431 2841 708 2907 ternam
773 2839 1034 2891 secutus
1095 2827 1379 2911 videtur,
1486 2843 1561 2894 ut
1613 2833 1684 2895 in
1738 2827 2029 2915 emphasi
2089 2825 2335 2912 dialogi
2383 2847 2502 2912 per

429 2939 677 3026 gradus
715 2937 1010 3024 singulos
1053 2955 1382 3006 crescente
1407 2952 1713 3006 ‹tentator
1749 2941 2013 3010 tandem
2053 2937 2322 3008 fulmine
2360 2959 2501 3002 ver-

430 3053 664 3118 borum
707 3062 1150 3138 percuteretur
1197 3057 1318 3140 (vs.
1368 3058 1474 3139 10)
1495 3061 1529 3136 ‚'
1591 3053 1702 3118 hic·
1757 3055 2076 3117 rationem
2118 3065 2498 3130 externam,

429 3179 504 3230 ut
545 3167 930 3230 mutationes
963 3187 1176 3233 scenae
1211 3167 1608 3237 commodius
1648 3185 1779 3232 una
1820 3163 2011 3232 alteri
2044 3158 2496 3230 succederent:
2586 3189 2593 3199 ·

431 3278 762 3342 desertum
773 3313 800 3328 -
811 3299 996 3344 mons
1012 3279 1235 3346 -urbs.
2273 3284 2280 3290 ”

591 3387 934 3456 Narratio.
954 3392 1128 3478 apud
1181 3393 1272 3459 L.
1321 3393 1659 3477 aptissime
1714 3412 1861 3477 cum
1914 3392 2201 3456 sectione
2256 3389 2500 3476 praece-⁶

427 3502 624 3580 dente
669 3504 980 3585 nectitur,
1021 3507 1094 3569 in
1132 3504 1256 3568 hoc
1307 3507 1502 3568 etiam
1541 3502 1809 3568 facilius*
1836 3501 2085 3582 fluens,
2152 3501 2323 3588 quod
2368 3527 2493 3567 πει·

427 3613 758 3702 ραζόμενος
805 3637 936 3680 non
970 3629 1044 3679 ut
1081 3620 1488 3703 πειρασθῆναι
1532 3615 1729 3700 (apud
1753 3613 1903 3698 Mt.)
1942 3611 2286 3678 consilium
2328 3611 2494 3676 indi-

427 3737 563 3802 cat3
629 3727 902 3792 discedit
939 3738 1256 3810 praeterea
1301 3729 1371 3792 in
1411 3730 1497 3791 iis
1544 3749 1585 3790 a
1624 3724 1746 3790 Mt.
1799 3739 1864 3790 et
1904 3725 2037 3808 M.‚
2099 3745 2240 3812 quae
2284 3724 2492 3788 videri

421 3852 688 3923 possent
728 3838 1001 3904 liberam
1045 3841 1115 3904 in
1148 3837 1310 3905 Jesu
1352 3841 1704 3921 efficaciam
1748 3836 2016 3904 tollere:
2059 3813 2157 3903 {rs-
2198 3841 2273 3900 1:
2316 3832 2488 3922 iq'yeto

423 3952 486 4017 ἐν
531 3979 587 4018 τ.
628 3950 924 4047 avelinam
978 3949 1126 4037 (Mt.
1187 3951 1425 4039 ἀνήχθη
1470 3952 1589 4025 ὑπὸ
1634 3981 1687 4020 τ.
1731 3981 1827 4019 nv.
1888 3949 2015 4017 ‘M-
2056 3977 2112 4018 τ.
2154 3977 2252 4018 rw.
2296 3946 2486 4014 ἀυτόν

420 4055 844 4148 ἕκβοὶλλει)’-
889 4084 985 4126 vs.
1036 4067 1097 4128 5.
1142 4069 1218 4130 9:
1293 4066 1640 4151 ἀναγωγῶν,
1698 4062 1910 4152 ἤγαγεν
1972 4061 2121 4150 (Mt.
2165 4068 2483 4149 παραλαμ-
