2850 4584
1275 298 1358 358 29

1241 408 1250 440 J

294 505 359 564 ei
400 496 680 570 oblatam
717 513 880 560 esse
901 493 1272 558 ostendunt..
1389 490 1493 558 Ita
1543 495 1967 560 successionis
2011 513 2224 564 rerum
2246 493 2335 566 “in

277 603 422 675 χΜῐ.
460 608 589 672 levi
634 609 996 671 mutatione
1023 605 1228 684 facta,
1271 603 1613 680 harmonia
1648 602 1919 670 efficitur
1946 606 2022 690 ²⁸).

342 777 351 786 ,
465 717 766 782 Narratio
813 720 961 786 Mc.
997 721 1320 782 succincta
1366 720 1435 781 in
1480 707 1894 803 gravissimis
1943 740 2157 784 rerum
2204 741 2337 786 mo-

297 834 532 904 mentis
563 829 888 909 subsistit,
915 827 1148 893 multis
1185 831 1441 898 omissis
1458 875 1479 910 ,
1528 831 1665 892 sive
1694 849 1849 915 quae
1888 830 1971 894 ad
2007 846 2195 918 caput
2239 839 2335 900 rei

213 1015 218 1020 ,
296 967 523 1033 parum
575 944 810 1014 facere
839 937 1220 1005 videbantur
1263 942 1371 1026 (de
1411 943 1637 1007 nuntio
1682 941 1775 1004 ad
1805 953 2051 1026 patrem
2092 949 2339 1031 misso),

298 1061 434 1121 sive
463 1075 606 1142 quae
653 1051 824 1116 haud
867 1055 1022 1116 satis
1065 1055 1328 1137 cognita
1367 1053 1473 1117 vel
1516 1051 1787 1140 probata
1823 1066 2031 1118 erant
2046 1060 2207 1142 (quae
2236 1061 2337 1126 de
2398 1135 2405 1148 1

293 1167 569 1240 muliere
607 1161 980 1230 ferebantur
1018 1181 1142 1251 per
1183 1163 1524 1250 physicam
1558 1166 1742 1250 quasi
1784 1167 2015 1231 virium
2054 1189 2143 1232 ex
2184 1170 2225 1233 J
2227 1193 2342 1236 esu

195 1289 200 1292 '
295 1281 770 1352 emanationem
827 1287 1084 1356 sanata,
1157 1288 1224 1340 et
1261 1297 1424 1363 quae
1457 1277 1556 1344 ,iu
1614 1276 1804 1357 domo
1866 1276 2031 1356 Jairi
2086 1279 2345 1348 arbitris

294 1393 562 1465 remotis
607 1401 794 1475 gesta
845 1390 1152 1470 fuerant).
1211 1449 1216 1458 ‚
1838 1399 1843 1410 ’
2188 1449 2191 1452 ,

197 1493 200 1496 ’
468 1502 548 1566 Ιιι
593 1505 678 1566 iis
730 1521 868 1588 quae
927 1499 1224 1576 omnibus
1277 1503 1639 1571 communia
1690 1513 1841 1588 sunt
1883 1502 1983 1568 M.
2028 1524 2173 1571 cum
2198 1503 2345 1580 Mi.

295 1613 566 1724 propius
613 1616 946 1678 convenit:
999 1613 1125 1676 Mt.
1170 1633 1265 1676 vs.
1313 1617 1415 1675 18.
1460 1612 1558 1676 M.
1597 1635 1695 1676 νε.
1709 1605 1933 1677 ¹!ss-
1979 1613 2103 1680 Mt.
2136 1637 2230 1692 vs.
2264 1623 2340 1680 21

300 1725 482 1790 M.v
521 1729 796 1792 .28--
841 1716 966 1784 Mt.
1017 1742 1114 1786 vs.
1151 1725 1255 1784 23.
1298 1721 1395 1784 M.
1444 1743 1540 1784 vs.
1583 1727 1690 1786 38.

284 1864 292 1872 ·
475 1833 674 1896 Plura
708 1843 922 1894 tamen
952 1832 1055 1896 M.
1097 1843 1163 1894 et
1212 1833 1299 1897 L.
1332 1835 1691 1906 accuratius
1718 1833 2037 1916 descripta
2076 1835 2350 1902 addunt:

307 1945 442 2012 Mt.
479 1940 695 2029 ἄρχων.
759 1941 846 2010 L.
883 1937 1086 2028 ’ἅρχων
1129 1971 1184 2010 τ.
1242 1947 1603 2028 συναγωγῆς.
1657 1941 1755 2010 M
1790 1944 1885 2018 ,εἷς
1931 1971 1985 2010 τ.
2036 1941 2354 2033 ἀρχισυνα-

302 2055 510 2142 γώγων
545 2091 632 2103 -—-
671 2073 906 2118 nomen
939 2053 1104 2119 Jairi
1135 2089 1220 2102 --
1259 2055 1469 2139 Man}
1509 2053 1786 2142 θυγάτηρ
1828 2084 1967 2142 μου.
2008 2055 2109 2122 M
2139 2087 2193 2126 τ.
2234 2072 2353 2128 θυ-

302 2166 548 2255 γάτριον
586 2194 726 2252 μου.
769 2168 858 2234 L.
899 2165 1177 2252 θυγάτηρ
1219 2166 1573 2252 μονογενὴς,
1628 2166 1710 2242 ὥς
1750 2169 1897 2234 ἐτῶν
1934 2165 2175 2237 ,δώδεκα
2228 2173 2352 2257 (Μ.

309 2299 407 2342 VS.
435 2280 544 2362 42)
589 2314 675 2326 -—
718 2279 856 2367 Mt,
871 2274 1022 2364 ’ἄρτι
1065 2275 1452 2362 ἐτελεύτησεν.
1484 2277 1575 2344 L.
1616 2277 2007 2362 ἀπέθνησκεν.
2046 2282 2146 2348 Μ.
2185 2283 2355 2370 ἐσχά·

309 2416 449 2464 τωςν
478 2390 592 2476 ἔχει
625 2421 709 2436 --
750 2390 831 2454 de
875 2388 1079 2452 tribus
1125 2389 1456 2474 discipulis
1496 2387 1833 2454 comitibus
1862 2389 2042 2454 Jes‘u.

478 2499 557 2564 In
605 2502 707 2566 M.
755 2503 950 2565 etiam
991 2523 1136 2566 cum
1162 2503 1252 2570 L.
1284 2513 1688 2588 comparato,
1739 2485 2051 2567 nonnulla
2094 2502 2355 2571 distinc-

312 2614 438 2676 tius
473 2625 748 2676 narratae
793 2627 976 2694 sunt,
1020 2635 1196 2701 quae
1197 2635 1306 2678 -ex
1351 2615 1699 2710 praesentia
1741 2613 1941 2678 Petri
1972 2611 2095 2675 hoc
2145 2617 2215 2676 in
2253 2616 2355 2678 iti.-
2421 2677 2429 2682 ,

311 2747 468 2788 nere
511 2727 632 2810 (νε.
675 2727 782 2807 37)
842 2725 1202 2808 repetenda
1255 2745 1397 2790 esse
1459 2725 1801 2788 videntur..
1860 2723 1967 2787 Ita
2013 2722 2355 2791 discrimen

314 2839 484 2899 inter
549 2835 907 2921 periculum
951 2836 1202 2906 mortis
1265 2837 1599 2922 ipsamque
1664 2847 1937 2910 mortem
2002 2840 2357 2905 accuratius

315 2945 717 3032 observavit,
781 2966 890 3010 vs.
927 2951 1032 3008 23.
1077 2948 1159 3010 35
1209 2947 1319 3031 (L.
1363 2967 1462 3011 vs.
1502 2953 1621 3012 42·
1696 2947 2083 3034 ἀπέθνησκεν.
2123 2971 2219 3014 vs.
2251 2955 2356 3020 49.

291 3059 626 3144 ἰιἰεἰθυηκευ)
655 3095 742 3107 —-
772 3077 866 3125 VS.
898 3063 1018 3124 26:
1059 3057 1205 3122 add.
1249 3060 1483 3143 μᾶλλον
1520 3061 1605 3136 ἒις
1638 3088 1693 3128 τ.
1729 3071 1930 3150 χεῖρον
1970 3063 2244 3130 ἐλθοῦσα
2273 3099 2359 3116 --

381 3362 442 3428 *)
515 3357 638 3414 C'el.
675 3355 889 3410 Paulus
939 3361 1038 3430 qui
1074 3359 1185 3414 Mt.
1235 3361 1489 3442 sequitur
1528 3339 1737 3415 seriem·
1763 3357 2157 3417 narrationum
2193 3360 2359 3419 aliter

515 3449 804 3511 instituit,
845 3465 1014 3518 quam
1048 3460 1112 3502 ut
1149 3445 1437 3512 defendat,
1474 3445 1798 3516 contendit,
1834 3450 2008 3504 verba
2038 3451 2124 3509 M.
2156 3455 2242 3523 (5,
2262 3457 2356 3520 21)

519 3550 576 3592 et
618 3539 693 3600 L.
729 3535 816 3607 (8,
853 3535 954 3608 40)
1004 3554 1125 3590 non
1162 3553 1278 3592 esse
1315 3536 1589 3593 formulas
1622 3541 1946 3612 transeundi
1994 3525 2049 3596 et
2082 3541 2357 3612 introdu-

521 3627 722 3694 cendi,
787 3643 918 3679 cum
948 3621 1282 3681 bari-atione
1317 3643 1471 3698 sequ.
1512 3627 1966 3699 conjungendas,
2020 3631 2115 3686 sed
2149 3645 2361 3682 narra-

521 3717 672 3770 tioni
716 3717 995 3788 supet-imi
1047 3715 1112 3768 de
1162 3719 1369 3770 itinere
1418 3719 1708 3770 maiitimo
1753 3731 1819 3774 ut
1870 3719 2142 3772 formulas
2190 3715 2363 3768 clau-

527 3805 694 3858 dendi
725 3803 898 3858 finem
933 3805 1226 3878 imponere
1264 3806 1605 3882 (Comm.1.
1643 3826 1702 3880 p.
1741 3811 2035 3876 457.513).
2104 3807 2189 3860 lta
2224 3823 2363 3860 vero

527 3894 646 3948 vim
681 3892 870 3948 verbis
907 3889 1146 3963 insert-i,
1198 3904 1255 3950 ct
1287 3909 1493 3950 nexum
1532 3898 1678 3950 male
1714 3895 1966 3965 turbari,
2018 3911 2185 3948 nemo
2222 3904 2361 3968 puto

526 3977 834 4052 negaverit.
931 3981 1022 4036 Cf.
1078 3975 1543 4040 Schleiermacher
1592 3987 1735 4042 iiber
1784 3983 1840 4040 d.
1896 3979 2056 4044 Schr.
2111 3981 2166 4041 d.
2222 3987 2359 4041 Luc.

527 4077 886 4148 pag-1230,
945 4082 950 4092 ’
