2850 4584
1363 297 1461 345 lv

387 499 645 558 eorum,
690 497 830 564 quae
873 473 1192 538 Dominus
1227 471 1337 546 ,his
1380 477 1451 538 in
1494 475 1682 538 terris
1726 473 2001 556 docenS,
2046 491 2285 560 agens,
2336 500 2447 562 pa-

387 597 556 656 tiens
611 589 862 667 effecit,
928 587 1217 649 narratio
1277 589 1619 670 quaeritur,
1692 609 1899 674 neque
1940 583 2208 673 plenam
2240 609 2447 675 neque

313 759 321 766 .
385 715 752 788 accuratam
807 698 1076 762 habebis
1134 699 1261 761 nisi
1320 719 1408 762 ex
1469 702 1943 763 commentariis
1996 700 2271 785 singulis
2314 701 2483 773 col-,

380 817 532 882 latis
575 827 640 878 et
687 811 1090 896 compositis3
1153 811 1296 902 sive
1338 831 1569 874 munus
1607 813 1979 900 interpretis
2026 817 2275 898 agitur,
2340 837 2443 878 ca-

378 919 661 997 vendum
701 937 838 1005 est,
884 945 967 986 ne
1010 935 1119 986 aut
1161 923 1387 986 eadem
1431 943 1574 986 cum
1618 925 1809 987 toedio
1853 924 2163 989 lectorum
2206 928 2442 1009 saepius

378 1049 788 1124 repetantur,
859 1047 970 1103 aut
1013 1034 1136 1098 hoc
1180 1035 1332 1098 dum
1371 1035 1692 1120 fugimus,
1758 1058 1840 1100 ne
1881 1039 1951 1100 in
1991 1059 2229 1122 magna
2271 1051 2440 1101 cete-

373 1153 606 1237 roquin
641 1147 1056 1213 similitudine
1091 1144 1349 1232 singula
1383 1167 1525 1233 quae
1561 1147 1817 1211 diversa
1856 1131 2037 1229 sunt,
2080 1151 2437 1213 attentione

303 1339 315 1356 „
373 1277 549 1346 saepe
591 1253 1008 1354 dignissima,
1052 1257 1272 1337 oculos
1313 1259 1604 1343 fugiant3
1657 1261 1944 1336 imovero
1986 1264 2254 1346 egregie
2298 1261 2438 1348 ple·

269 1421 282 1428 -
374 1394 680 1460 rumque,
747 1374 804 1434 si
851 1370 1001 1456 quid
1045 1372 1116 1434 in
1157 1381 1287 1435 uno
1327 1369 1499 1436 libro
1541 1369 1840 1452 brevius,
1888 1371 2254 1454 obscurius,
2302 1395 2438 1438 am·
2478 1413 2515 1447 ,-

372 1485 568 1570 bigne
603 1485 844 1548 dictum
870 1493 1002 1562 est,
1046 1502 1274 1546 sensus
1321 1481 1666 1547 collatione
1710 1505 1854 1548 cum
1896 1482 2101 1548 altero
2141 1487 2437 1556 instituta

368 1597 764 1672 illustratum
812 1595 955 1661 sive
999 1598 1385 1680 quaestiones
1434 1597 1673 1659 criticae
1720 1606 2108 1677 tractantur,
2156 1618 2431 1681 quanam

365 1708 607 1772 indolis
666 1729 744 1771 ac
801 1705 951 1790 styli
1013 1707 1385 1772 diversitate
1444 1709 1887 1772 commentarii
1948 1707 2189 1793 singuli
2245 1709 2431 1773 diffe-

367 1833 553 1900 rant,
617 1841 910 1906 quaenam
973 1841 1194 1884 eorum
1252 1822 1449 1884 fuerit
1506 1823 1732 1904 origo,
1799 1839 1888 1883 ex
1946 1842 2071 1906 qua
2121 1819 2429 1884 facillime

364 1931 773 2017 explicentur
815 1949 930 2012 ea,
989 1933 1058 1995 in
1102 1925 1372 2018 quibus
1371 1935 1509 1998 sive
1553 1931 1960 1996 consentiunt
2000 1935 2136 1997 sive
2180 1927 2430 1997 dissen-

365 2045 568 2122 tiunt,
651 2044 873 2127 ecquis
932 2064 1061 2105 non
1121 2042 1330 2122 videt,
1418 2044 1634 2104 omnia
1688 2041 1793 2104 hic
1846 2064 1887 2105 a
1944 2045 2427 2126 comparatione

355 2135 537 2240 justa
579 2168 643 2218 et
686 2166 984 2218 accurata
1026 2154 1332 2239 pendere.
1369 2217 1374 2220 ,
1456 2149 1686 2238 Neque
1732 2188 1818 2202 -—
1866 2165 1936 2217 ut
1994 2152 2117 2217 hoc
2170 2175 2425 2241 quoque

361 2269 676 2350 attingam
715 2296 802 2314 ——-
859 2285 1018 2330 usus
1071 2265 1417 2350 religiosus
1470 2267 1700 2331 studiis
1760 2251 1938 2331 hisce
2002 2268 2423 2364 gravissimus

363 2379 580 2454 deest3
637 2400 785 2441 nam
832 2397 1021 2463 quum
1063 2378 1445 2440 traditiones
1488 2377 1972 2462 evangeliorum
2014 2382 2248 2462 saepius
2292 2379 2422 2473 disi

359 2491 602 2554 sentire
646 2502 713 2552 et
768 2491 938 2552 inter
975 2510 1052 2552 se
1095 2511 1385 2598 pugnare
1426 2490 1758 2571 videntur,
1844 2489 2167 2554 interdum
2221 2491 2418 2556 etiam

355 2615 667 2688 pugnant,
710 2605 854 2707 ipso
888 2604 1150 2688 pietatis
1189 2593 1405 2681 sensu,
1442 2621 1524 2665 ne
1563 2623 1683 2673 nos
1710 2601 2129 2668 dissensionis
2163 2603 2415 2688 species

359 2712 646 2778 offendat
687 2728 752 2778 et
793 2713 1166 2795 conturbet,
1218 2702 1304 2778 ad
1347 2713 1760 2778 collationem
1800 2716 2262 2782 instituendam
2300 2715 2413 2780 ad-
2492 2729 2499 2738 ·

357 2817 683 2906 ducimur,
759 2838 864 2907 ut,
933 2829 990 2889 si
1041 2824 1186 2890 fieri
1223 2790 1364 2890 ullo
1406 2827 1598 2926 modo
1642 2829 1887 2913 possit,
1961 2830 2213 2913 species
2260 2847 2413 2892 con·-

353 2927 755 3002 tradictionis
813 2949 1306 3017 removeatur,
1323 2940 1425 3001 sin
1483 2921 1729 3020 minus,
1795 2952 1869 3002 ut
1922 2941 2293 3004 ostendatur
2336 2942 2411 3006 in

349 3049 543 3114 rebus
587 3062 894 3136 quotquot
942 3049 1026 3113 ad
1079 3046 1279 3112 fidon
1331 3051 1657 3134 pertinent
1710 3069 2062 3116 consensus
2113 3023 2411 3136 integer}

357 3162 524 3248 quod
571 3165 662 3225 ait
705 3163 1257 3252 Chrysostomus:
1328 3162 1424 3226 ·’ἐι
1466 3161 1530 3226 δὲ
1571 3187 1635 3228 τε
1679 3161 1812 3247 περὶ
1858 3168 2080 3248 και-ρῶν
2122 3159 2159 3248 ἦ
2198 3165 2403 3230 τόπων

349 3273 658 3360 διαφόρως
699 3272 1092 3361 ἀπήγγειλαν,
1153 3276 1340 3345 τοῦτο
1396 3271 1570 3340 ὀυδὲν
1628 3272 1878 3358 βλάπτει
1927 3279 2047 3340 τῶν
2088 3255 2404 3360 ἐιρημένωιῖ
2481 3357 2486 3364 1

267 3401 279 3410 ’
343 3384 453 3519 ‘⁶²:1¹²
509 3385 807 3470 ἀληθειαν
848 3436 863 3451 .
887 3436 903 3452 .
928 3435 942 3451 .
1002 3385 1063 3450 ’ἐν
1121 3394 1250 3458 τοῖς
1295 3369 1650 3468 κεφαλαίοις
1702 3384 1805 3454 καὶ
1852 3387 2193 3471 συνέχουσιν
2234 3361 2406 3520 numi

341 3522 450 3580 την
495 3495 646 3582 ζωὴν
689 3497 966 3581 ὄυδαμοῦ
1008 3523 1100 3569 τις
1143 3493 1344 3559 ἀυτων
1388 3495 1531 3563 ovd&
1568 3495 1783 3584 μικρὸν
1824 3494 2208 3582 διαφωνήσας
2250 3497 2401 3584 ἐνρί·

341 3611 598 3675 caetae?
673 3607 880 3694 (praef.
923 3606 1009 3672 ad
1047 3602 1396 3690 Matth.)

1327 3803 1416 3868 II.

514 3921 743 4031 Neque
787 3944 1087 4038 defuere,
1147 3947 1254 4028 qni
1299 3941 1400 4006 his
1443 3942 1800 4009 rationibus
1842 3943 2145 4026 commoti
2186 3939 2399 4006 labori

331 4053 443 4118 isti
486 4076 750 4140 operam
790 4057 1198 4142 studiumque
1241 4039 1693 4158 impenderint.

1483 4179 1491 4188 ›
2290 4171 2304 4210 ι
