2850 4584
1450 293 1533 352 16

465 487 854 574 stinguendo
903 485 1328 550 defenderunt
1369 487 1757 573 interpretes
1792 485 1991 574 longe
2031 489 2322 578 plerique
2340 538 2361 572 ,
2414 511 2529 554 an·-

463 605 774 689 tiquiores
827 597 1122 684 (Calvia.
1183 599 1521 666 Chemmit.
1578 602 1773 669 ἂνού.
1813 599 2133 690 Lightfi)
2186 616 2254 666 et
2302 623 2529 666 recen-
2600 656 2617 664 -

462 716 662 778 tiores
709 709 1064 793 (MichaeL
1102 709 1485 799 Bz'c‘sching.
1532 713 1779 777 Titcm.
1824 688 2040 779 Klein.
2076 714 2291 783 Paul.
2324 713 2523 802 Hug-

387 799 424 835 Ἰ
466 820 824 904 leoluck),
893 840 1101 906 neque
1158 841 1276 907 per
1337 844 1410 886 se
1458 844 1617 888 sane
1659 818 2087 909 improbabile
2132 835 2267 905 est,
2324 827 2527 888 actio-

353 995 356 1000 .
461 957 614 1001 nem
650 931 1068 1018 symbolicam
1081 983 1106 1014 ,
1168 956 1209 999 a
1249 956 1374 1020 qua
1397 939 1649 1000 ‘munus
1696 938 2171 1003 sanctissimum
2199 933 2525 1000 Dominus

427 1031 829 1134 ‘auspicatus
900 1048 1130 1127 fuerit,
1214 1045 1420 1111 altera
1489 1049 1631 1112 vioe
1710 1051 2023 1113 extremis
2080 1050 2227 1112 vitae
2296 1046 2570 1114 diebus‘

457 1161 798 1247 repetitam
848 1179 992 1222 esse
1010 1205 1031 1238 ,
1087 1168 1160 1221 ut
1203 1177 1294 1222 ex
1332 1169 1527 1222 tentae
1570 1158 1909 1244 religionis
1958 1159 2261 1245 exemplo
2320 1161 2525 1222 omui-

455 1271 580 1338 bus
631 1282 996 1350 constaret,
1067 1273 1279 1354 ipsum
1333 1272 1533 1334 vitam
1588 1272 1827 1336 officiis
1888 1274 2091 1336 sacris
2148 1284 2349 1334 totam
2404 1273 2523 1334 im-

445 1384 782 1472 pendisse.
871 1380 1004 1444 Sed
1051 1392 1265 1444 tantus
1318 1395 1418 1446 est
1463 1384 1532 1445 in
1588 1382 1785 1447 rebus
1833 1387 2111 1448 narratis
2162 1395 2230 1446 et
2271 1383 2517 1468 inipso

455 1494 850 1559 narrationis
914 1493 1108 1556 modo
1183 1513 1538 1556 consensus
1608 1499 1931 1577 omnium,
2003 1507 2076 1558 ut
2133 1496 2322 1558 unice
2378 1495 2519 1558 fere

454 1609 708 1672 ratione
775 1607 1083 1690 temporis
1143 1607 1315 1668 inter
1365 1627 1439 1670 se
1498 1606 1835 1683 differant3
1897 1607 2068 1674 hano
2121 1625 2299 1674 vero,
2328 1603 2521 1670 vehe-
2608 1643 2613 1650 -

453 1732 706 1785 menter
753 1739 1026 1803 urgere,
1069 1709 1218 1789 vide
1256 1739 1473 1803 quaeso
1520 1739 1709 1804 quam
1752 1718 1877 1783 hoo
1921 1721 2327 1804 potissimtun
2371 1705 2517 1782 loco

453 1835 771 1896 incertum
821 1843 888 1894 et
934 1826 1254 1894 lubricum
1305 1831 1411 1894 sit.
1510 1829 1841 1899 Primum
1884 1833 2058 1895 enim
2102 1828 2519 1916 evangelistae

450 1948 706 2031 priores
760 1956 832 2006 ut
875 1963 954 2006 ee
991 1945 1246 2022 omnia,
1325 1963 1475 2027 quae
1514 1963 1557 2004 a
1601 1941 1762 2006 Jesu
1814 1918 2284 2027 Hierosolymae
2330 1919 2519 2026 g'esta

453 2069 633 2135 sunt,
677 2053 1057 2120 brevissime
1105 2051 1482 2133 absolvunt,
1547 2074 1757 2138 neque
1850 2075 2082 2140 nquam
2124 2055 2360 2119 festum
2406 2030 2515 2142 pe·

451 2164 670 2232 sehale
715 2177 866 2228 ante
913 2165 1284 2249 passionem
1318 2161 1563 2228 Christi
1616 2183 1759 2229 com
1932 2177 2151 2256 orant,
2196 2169 2288 2230 ita
2330 2168 2514 2230 itine-

451 2282 544 2346 ris
588 2277 781 2365 primi
828 2275 1404 2360 Hierosolymitani
1444 2277 1798 2362 vestigium⁴
1898 2299 1934 2340 e
1984 2281 2317 2342 minimum
2381 2279 2517 2365 qui-

356 2469 362 2478 ·
453 2393 600 2456 dem
635 2388 982 2465 exhibent3
1027 2409 1234 2474 neque
1263 2387 1499 2450 mirum
1532 2389 1771 2473 igitur,
1815 2392 1911 2470 si,
1960 2391 2133 2476 quod
2170 2393 2237 2454 in
2278 2393 2525 2454 itinere·

450 2503 652 2570 hocce
689 2503 998 2582 evenerit,
1033 2499 1118 2562 ad
1145 2497 1306 2563 illud
1331 2500 1568 2564 festum
1598 2499 1904 2586 paschale
1934 2502 2295 2584 retulerint,
2340 2503 2514 2590 quod

451 2639 540 2683 ex
586 2613 882 2680 omnibus
921 2611 1132 2678 solum
1171 2632 1356 2676 suam
1396 2612 1569 2696 apud
1608 2634 1722 2677 eos
1742 2613 2267 2700 ‘descriptionem
2293 2613 2510 2679 habet.

449 2728 723 2800 Deinde
765 2748 856 2790 ex
898 2725 1194 2789 dissensu
1239 2709 1364 2788 Mt.
1410 2737 1477 2787 et
1520 2723 1617 2788 Μ.
1660 2728 1942 2812 suspicio
1992 2730 2229 2808 oritur,
2321 2747 2512 2792 veras

449 2840 760 2925 temporis
818 2840 1103 2902 rationes
1160 2834 1451 2901 turbatas
1497 2859 1678 2920 esse,
1742 2860 1936 2924 quum
1988 2839 2158 2925 apud
2200 2837 2325 2902 Mt.
2374 2841 2509 2920 (21,

453 2955 557 3016 10.
615 2952 719 3034 12)
777 2948 970 3013 Jesus
1018 2948 1249 3012 eodem
1295 2948 1400 3014 die
1453 2971 1581 3037 quo
1619 2950 1844 3018 urbem
1888 2951 2143 3018 solenni
2178 2951 2371 3016 modo
2411 2953 2515 3013 in-

446 3063 675 3144 travit,
749 3059 920 3146 apud
960 3058 1058 3124 M.
1102 3062 1234 3144 (11,
1285 3066 1388 3124 11.
1442 3068 1544 3126 12.
1591 3065 1696 3148 15)
1731 3065 2089 3149 postridie,
2156 3067 2229 3128 in
2286 3061 2517 3130 urbem

444 3193 745 3240 reversus
763 3219 786 3254 ,
864 3171 1328 3236 nundinatores
1385 3195 1475 3236 ex
1530 3175 1770 3260 templo
1832 3180 2105 3261 ejecisse
2160 3177 2395 3248 dieitur
2429 3175 2510 3259 ²⁸).

445 3285 762 3374 Denique
811 3287 1031 3349 mirari
1059 3285 1362 3370 profecto
1410 3284 1623 3368 subit,
1665 3286 1923 3369 Jesum,
1968 3291 2026 3353 si
2072 3290 2241 3369 actio
2283 3286 2513 3352 eadem

445 3397 677 3463 eodem
715 3398 908 3463 modo
967 3409 1034 3463 et
1075 3395 1348 3464 consilio
1411 3400 1485 3463 in
1542 3399 1691 3472 loco
1752 3400 1982 3466 eodem
2040 3399 2141 3465 bis
2199 3400 2515 3487 repetitus

509 3716 571 3790 ⁸)
645 3713 1121 3774 commodissime
1173 3718 1385 3790 igitur,
1469 3719 1568 3778 sed
1618 3717 1973 3775 commodius
2024 3718 2282 3796 profecto
2336 3735 2509 3792 quam

646 3812 900 3874 acutius,
959 3805 1328 3866 harmonistae
1365 3811 1719 3884 complures,
1776 3806 2089 3863 harmoniae
2140 3806 2506 3887 confipiendae

643 3899 797 3953 ultra
851 3895 1088 3952 modum
1143 3899 1374 3968 cupidi,
1446 3899 1810 3972 expulsionem
1857 3899 2129 3971 triplicem
2178 3895 2507 3960 finxerunt:

648 3989 951 4054 Oeiander,
988 3989 1152 4059 Rus&
1187 3987 1447 4064 Bengel„
1483 3995 1656 4048 Storr.
1696 3987 1827 4066 (ub.
1866 3989 1925 4048 d.
1962 3991 2082 4052 Zw.
2108 3989 2164 4047 d.
2187 4005 2273 4049 ev.
2296 3985 2505 4044 Gesch·

651 4093 785 4149 pag.
822 4074 961 4148 276)
1011 4075 1090 4136 al.
