2850 4584
1454 287 1536 346 22

483 501 555 554 ut
593 507 802 552 nexus
849 483 1158 552 orationis
1199 483 1577 570 perspicuus
1628 478 2061 554 desideretur-3
2147 477 2318 544 hunc
2359 478 2527 544 bene

445 625 460 643 ⁴
485 600 867 686 supplevere
913 601 1044 667 Mt.
1093 610 1157 660 et
1193 598 1296 664 M.
1277 644 1334 679 .‚
1402 615 1763 684 quanquam
1810 584 2111 700 exempla
2156 595 2529 679 omiserunt,

485 725 855 790 monenteS,
947 709 1204 789 Jesum,
1286 689 1583 774 obstante
1638 708 1997 770 animorum
2062 688 2534 784 incredulitate,

486 829 708 912 paucis
750 822 942 886 modo
987 823 1248 906 aegrotis
1294 809 1726 906 valetudinem
1771 803 2405 900 reddidisse30uj11s
2435 819 2533 879 rei

485 951 556 1000 ut
606 933 906 1020 exempla
949 932 1282 1013 adessent,
1357 923 1447 996 ad
1486 931 1859 995 memoriam
1904 927 2363 1014 prophetarum
2405 931 2535 1012 pri-

406 1104 415 1113 .
465 1057 741 1112 scorum
785 1047 924 1110 sine
967 1043 1164 1109 dubio
1213 1044 1610 1130 provocavit.

669 1157 840 1232 Not.
880 1159 1232 1221 sectionem
1257 1153 1441 1240 apud
1474 1152 1571 1217 Μ.
1607 1147 1956 1218 finiendam
1996 1171 2139 1224 esse
2174 1151 2247 1214 in
2284 1147 2533 1216 verbis:
2514 1197 2551 1217 .,

467 1263 590 1340 διὰ
645 1271 754 1359 τὴν
808 1272 1056 1346 ἀπιςίαν
1109 1267 1358 1333 o’zvecobffov:

1365 1507 1649 1578 XXIII.

657 1670 864 1731 Matth.
901 1679 957 1742 4,
995 1681 1122 1734 13-—
1131 1679 1218 1734 22·
1293 1670 1479 1730 Marc.
1518 1682 1573 1744 1,
1612 1674 1838 1734 15—20.
1912 1671 2053 1725 Luc.
2084 1671 2139 1740 5,
2176 1675 2364 1728 1-11.

370 1858 388 1871 ,
493 1785 797 1855 Christus
864 1785 939 1850 in
997 1785 1316 1862 Galilaegz‘
1367 1785 1607 1852 docens
1668 1785 1967 1854 Petrum
2030 1792 2101 1848 ec
2158 1779 2533 1854 Andream,

595 1891 678 1958 J
675 1893 1024 1958 ohannem
1045 1903 1113 1958 et
1158 1889 1485 1966 ,Iacobum
1533 1893 1813 1961 comites
1865 1886 1996 1954 sibi
2044 1885 2395 1978 adjungit.

655 2047 898 2111 Praeter
941 2045 1370 2110 harmonistas
1405 2048 1799 2130 antiquiores
1846 2055 2093 2107 tantum
2132 2063 2265 2106 non
2308 2059 2533 2104 omnes

471 2175 636 2224 sunt
673 2161 842 2222 inter
887 2158 1246 2243 theologos,
1267 2159 1671 2228 recentiores
1712 2159 1939 2236 etiam,
1998 2157 2126 2242 {qui
2179 2163 2333 2218 rem
2384 2172 2538 2215 ean·-

487 2257 634 2334 dem
675 2270 842 2355 apud
888 2292 1112 2335 omnes
1153 2281 1479 2333 narratam
1520 2289 1667 2333 esse
1718 2282 1990 2354 negent,
2056 2269 2341 2332 maxime
2385 2265 2537 2350 quia

483 2383 718 2446 desunt
757 2384 928 2467 apud
961 2383 1044 2446 L.
1089 2381 1289 2446 verba
1328 2381 1602 2460 diserta,
1650 2380 1877 2468 quibus
1920 2381 2151 2446 Petrus
2185 2391 2453 2448 vocatus
2494 2396 2539 2438 a

484 2495 642 2559 Jesu
677 2506 742 2557 et
771 2497 843 2561 in
877 2515 1209 2557 numerum
1252 2493 1713 2612 discipulorum
1751 2507 2045 2579 receptus
2089 2493 2317 2572 fuerit,
2358 2488 2540 2553 ideo-

486 2630 610 2695 que
647 2607 793 2682 τοὺς
838 2605 1024 2693 ἁλιεῖς
1065 2611 1155 2687 (5,
1203 2610 1269 2690 2)
1320 2627 1452 2668 non
1501 2619 1773 2692 quatuor
1820 2606 1971 2672 illos
2018 2602 2366 2690 discipulos
2418 2597 2538 2664 sed

483 2720 918 2786 mercenarios
953 2718 1288 2804 quosdam·
1281 2717 1473 2782 Petri
1514 2718 1879 2784 intellectos
1928 2716 2131 2782 velint
2160 2713 2537 2798 (MichaeL,

487 2832 736 2898 δέοντι·
681 2873 724 2908 ι,
765 2829 1037 2897 Paulas
1097 2816 1353 2896 Comm·
1391 2817 1450 2893 l:
1492 2853 1557 2914 p.
1604 2835 1751 2896 408.
1794 2836 1942 2894 442.
1983 2831 2063 2893 d.
2087 2827 2319 2892 Leben
2353 2825 2424 2889 J.
2477 2822 2531 2886 I

485 2965 553 3028 p.
601 2944 748 3004 226.
811 2939 1008 3028 Hag.
1043 2937 1216 3002 Einl.
1257 2940 1343 3004 II.
1389 2963 1455 3026 p.
1508 2946 1622 3006 161
1672 2945 1774 3027 s.).
1880 2940 2013 3004 Sed
2056 2943 2267 3025 capita
2319 2958 2539 3002 narra-

487 3055 680 3117 tionis
727 3050 1034 3136 graviora·
1073 3049 1367 3116 omnibus
1413 3057 1789 3118 communias
1830 3065 2012 3117 sunt:
2100 3055 2227 3116 duo
2278 3051 2539 3134 navigia
2643 3084 2655 3097 ·

483 3167 858 3252 piscatoria
886 3199 972 3211 —-
1013 3161 1395 3228 exhortatio
1438 3164 1693 3230 Christi
1756 3165 1845 3234 ad
1897 3166 2287 3249 piscaturam
2334 3161 2555 3228 homi--

483 3299 638 3342 num
669 3275 1174 3361 aggrediendam
1201 3311 1285 3324 -—-
1312 3259 1489 3342 idem
1518 3281 1619 3342 rei
1644 3288 1943 3354 eventus:
1988 3276 2235 3362 ἀφέντες
2276 3272 2537 3350 ἅπαντα,

485 3391 916 3476 ἢκολουθησαν
965 3387 1162 3469 ἀντῷ,
1204 3409 1345 3474 quae
1381 3390 1647 3482 'quidem
1680 3387 1891 3454 ,verba
1930 3367 2293 3454 consilium:
2314 3387 2539 3454 Iesum

403 3505 431 3532 ”
487 3502 800 3587 sequendi
834 3514 967 3564 tum
1011 3500 1263 3565 demum
1316 3515 1573 3586 captum
1622 3501 1971 3566 declarant.
2030 3499 2046 3508 ⁸
2076 3495 2267 3572 Quod
2311 3497 2541 3565 Petrus

483 3627 698 3678 autem
753 3612 1104 3678 Dominum
1155 3635 1314 3679 voce
1363 3613 1794 3706 familiariore·
1843 3609 2187 3695 compellat
2256 3607 2535 3694 (ἐπιςάτα

485 3749 580 3791 vs.
631 3728 733 3810 5),
789 3747 920 3790 non
963 3739 1062 3788 est
1112 3725 1283 3810 quod
1323 3727 1661 3808 miremur,
1706 3746 1896 3811 quum
1931 3727 2077 3807 jam
2120 3735 2313 3790 antea
2362 3719 2535 3804 (Joh.

485 3838 540 3920 I,
577 3845 660 3902 42
707 3839 788 3922 S.)
830 3841 1002 3901 inter
1047 3838 1314 3899 comites
1357 3836 1515 3901 Jesu
1557 3837 1639 3900 ad
1681 3849 1930 3926 tempus
1976 3848 2273 3922 receptus
2308 3834 2537 3910 (fuerit,-

483 3951 606 4036 (Ita
635 3947 968 4014 nobiscum
991 3939 1204 4027 Calin,
1227 3948 1590 4029 Chemnit„
1613 3948 1877 4028 (Πενία,
1895 3947 2210 4039 Bengel„
2224 3939 2543 4036 Lightfi,

479 4060 1096 4142 &Meiermachem
1156 4057 1342 4125 Schr.
1371 4059 1459 4123 .d.
1495 4061 1578 4125 L.
1624 4081 1689 4150 p.
1729 4063 2030 4146 69-72).

2225 4172 2322 4207 (,,.
