2850 4584
1315 269 1435 338 10⁴1.

231 471 246 480 “
343 471 500 538 eum
551 458 636 532 ab
695 465 820 532 hoe
875 464 1030 540 inde
1083 478 1414 552 tempore,
1486 463 1773 530 Galilaeis
1816 463 2097 544 relictis,
2158 461 2407 529 incolas

334 577 596 643 ‚Judoeae
623 579 707 643 ad
735 577 933 644 fidem
947 577 1282 644 adducere
1312 576 1439 642 sibi
1450 580 1903 662 proposuisse.
1996 574 2159 640 Haec
2187 575 2407 656 verba,

350 711 492 776 quae
538 691 708 775 apud
737 692 870 757 Mt.
913 690 1044 755 alio
1079 691 1230 756 loco
1265 692 1531 770 omnino
1576 687 1845 774 abrupte
1888 699 2149 760 exstant
2191 691 2271 772 (c.
2303 691 2407 767 11,

345 804 664 887 20—24),
744 801 810 866 h.
869 801 918 868 l.
993 823 1172 867 nexu
1253 803 1591 887 aptissimo
1668 800 1971 886 leguntur
1985 809 2011 875 3‘
2104 798 2185 861 de
2258 797 2407 861 aliis

343 910 674 997 pluribus,
749 934 888 1000 quae
955 915 1125 1001 apud
1183 902 1334 982 ·Mt.¹
1393 913 1592 978 alium
1676 915 1797 978 sed
1861 911 1967 977 hic
2031 906 2247 989 locum
2290 911 2408 1002 ‚uti

343 1023 600 1090 videtur
639 1021 986 1090 rectiorem
1028 1024 1302 1107 habent,
1360 1026 1470 1102 ,vid
1506 1039 1683 1098 sect.
1723 1028 1806 1089 37
1842 1047 1909 1110 Ρ»
1949 1028 2031 1085 48
2060 1045 2115 1086 s·

533 1137 680 1208 Per
705 1117 1308 1226 -c'zntecipationem,
1353 1119 1510 1203 ⁸vero
1556 1137 1703 1214 loco
1748 1138 1994 1201 eodem
2057 1131 2405 1219 discipulos

339 1262 408 1341 et
444 1253 714 1314 emissos
746 1262 812 1313 et
839 1250 1183 1332 redeuntes
1213 1248 1569 1332 ‚habemu83
1614 1271 1845 1336 quare,
1896 1270 2051 1312 num
2078 1251 2146 1310 in
2176 1247 2405 1319 Judaea

339 1383 428 1425 an
469 1372 807 1448 postquam
869 1359 1060 1426 Jesus
1104 1365 1178 1426 iu
1233 1359 1575 1426 Galilaeam
1617 1361 1881 1424 redierit
1924 1360 2193 1423 reduces
2249 1358 2404 1424 facti

335 1474 618 1555 fuerint,
666 1473 834 1540 effici
883 1475 1145 1537 omnino
1179 1495 1326 1537 .non
1371 1483 1606 1558 potest.
1704 1469 1928 1535 Verba
1976 1491 2134 1534 vero
2178 1490 2273 1532 vs·
2319 1473 2397 1530 21

338 1597 406 1646 et
427 1589 533 1665 22,
557 1607 695 1671 quae
727 1585 952 1650 eadem
981 1575 1245 1650 omnino
1279 1586 1449 1669 apud
1466 1582 1915 1667 Mt.leguntur
1936 1604 1990 1645 c.
2008 1587 2109 1661 11,
2126 1581 2401 1660 25-27‚

336 1696 458 1759 sed
484 1706 957 1770 nexucarente
977 1743 998 1774 ,
1042 1699 1284 1780 optime
1306 1718 1348 1757 a
1375 1695 1455 1759 L.
1486 1696 1634 1758 loco
1661 1718 1778 1758 suo
1813 1697 2266 1772 restituuntur,
2308 1693 2403 1755 ita

337 1817 412 1868 nt
454 1826 630 1870 nexu
671 1803 1004 1872 intellecto
1062 1809 1206 1894 ipse
1255 1773 1487 1884 sensus
1539 1804 1748 1873 multo
1811 1804 2066 1874 facilius
2127 1800 2397 1878 eluceat.

1211 2035 1633 2131 Lxxv..

1059 2216 1066 2224 '
1101 2203 1242 2262 Luc.
1274 2209 1368 2286 10,
1405 2208 1637 2266 25-3’7.

583 2307 996 2404 ‚fParabola
1017 2311 1104 2380 de
1149 2313 1590 2382 Samaritano
1620 2312 2100 2380 misericorde.

506 2479 690 2551 Nihil
726 2487 986 2575 quidem
1015 2485 1080 2552 h.
1109 2487 1156 2554 l.
1190 2489 1410 2572 adest,-
1467 2490 1639 2556 unde
1670 2493 1837 2555 ratio
1874 2488 2181 2574 temporis
2218 2490 2394 2549 certa

255 2649 264 2660 ,
329 2599 633 2662 constitui
701 2603 943 2686 possit;
1046 2584 1324 2668 formula
1397 2605 1571 2670 enim
1636 2577 1739 2668 nai
1813 2601 1945 2668 ἰδοὺ
2023 2599 2393 2680 continuam

328 2710 639 2809 temporis
721 2713 1200 2778 successionem
1281 2734 1685 2799 nequaquam
1768 2710 2032 2774 indicat.
2160 2704 2393 2796 Neque

327 2829 546 2883 tamen
604 2820 750 2885 cum
805 2824 888 2890 iis
943 2843 1084 2910 quae
1144 2825 1520 2910 praecedunt
1576 2845 1787 2888 nexus
1840 2823 2108 2886 omnino
2164 2820 2386 2884 deest.

325 2928 625 3018 Etenim,
685 2955 874 3020 quum
922 2933 1138 3000 Jesus-
1166 2937 1236 3000 in
1279 2933 1607 3022 parabolis
1650 2927 2046 3011 instruendis
2087 2933 2392 3020 exempla

321 3041 534 3108 soleat
573 3065 666 3108 ex
720 3045 914 3112 rebus
954 3060 1106 3114 ante
1157 3045 1382 3112 oculos
1424 3047 1633 3116 obviis
1681 3058 2013 3134 repetere,
2075 3069 2201 3134 quo
2258 3046 2391 3115 for-

321 3155 452 3218 tius
503 3160 753 3224 ammos
793 3160 1158 3238 auditorum
1199 3153 1473 3241 feriant,
1518 3159 1865 3261 admodum
1896 3159 2233 3258 probabile
2265 3174 2387 3243 est,

275 3349 280 3362 1
320 3265 582 3334 laudem
639 3269 1059 3338 humanitatis
1103 3273 1258 3338 ideo
1319 3293 1695 3338 concessam
1752 3293 1897 3336 esse
1952 3269 2387 3355 Samaritano,

205 3405 220 3421 s
281 3395 294 3406 “
321 3383 646 3448 sacerdoti
725 3396 792 3448 et
865 3385 1082 3468 levitae
1149 3387 1447 3478 opposito
1475 3431 1511 3482 ,.
1586 3406 1669 3448 ne
1741 3383 2035 3472 discipuli
2107 3408 2195 3452 ex
2254 3407 2385 3454 uno

239 3507 244 3512 ’
321 3469 626 3580 exemplo
689 3499 874 3582 (sect.
927 3499 1036 3582 72)
1073 3499 1354 3583 iniquius
1399 3497 1569 3562 forte
1606 3509 1994 3577 statuerent,
2039 3497 2388 3561 Samarita-

318 3623 478 3687 nos,
537 3597 888 3692 pessimum
937 3608 1270 3674 hominum
1328 3629 1537 3699 genus
1556 3655 1577 3690 ,
1646 3609 1870 3677 omnes
1944 3611 2094 3675 odio
2158 3612 2229 3673 in
2272 3609 2392 3674 Ju-
2456 3597 2462 3604 ⁸

319 3715 496 3782 doeos
569 3719 856 3806 flagrare
918 3721 1276 3809 eodemque
1339 3734 1406 3786 et
1458 3723 1635 3809 ipsos
1686 3723 2169 3810 persequendos
2217 3743 2389 3788 esses

316 3827 652 3915 probabile
675 3835 930 3922 itaque,
989 3834 1367 3924 parabolam
1395 3838 1795 3922 propositam
1840 3833 2173 3920 discipulis
2210 3849 2383 3916 esse,

317 3941 472 4008 d'um
513 3945 705 4024 ⁵intra
766 3945 934 4012 fines
987 3948 1297 4014 Samariae
1349 3948 1943 4040 commorabantur,
2000 3959 2073 4026 ut
2124 3970 2203 4012 ea
2246 3968 2383 4012 mo-

236 4116 244 4124 .
315 4057 437 4122 niti
487 4057 772 4124 animum
816 4061 888 4124 in
952 4059 1198 4126 incolas
1247 4061 1568 4129 mitiorem
1614 4058 1978 4126 induerent.
2076 4060 2380 4128 Fortasse
