2850 4584
1445 301 1539 372 ³6

343 529 350 538 ·
469 517 656 598 ravit.
763 507 840 578 Id
885 529 1042 576 vero
1082 505 1395 572 accidisse
1438 503 1559 575 M..
1594 523 1696 582 εκ.
1736 505 2215 570 commentariis
2260 503 2556 593 reliquis.

469 645 696 718 parum
729 627 1029 686 accurate
1061 619 1346 703 collatis,
1391 631 1634 685 certum
1665 618 1939 683 videtur.
2024 616 2218 703 Apud
2245 620 2334 689 L.
2356 622 2551 688 enim

472 741 874 814 vocationem
930 730 1366 817 apostolorum
1420 728 1874 819 hominumque
1931 729 2311 798 confluxum
2366 753 2557 816 prae-

473 853 644 919 cedit
693 852 948 933 (parum
981 857 1309 924 accurate,
1379 844 1551 929 quod
1594 844 1827 907 deinde
1850 830 2250 928 ¹videbimus)
2303 865 2549 910 manus

471 963 658 1044 arida
693 969 922 1024 sanata
963 960 1052 1042 (6,
1095 960 1366 1038 6-11);
1440 954 1572 1022 Mt.
1629 955 1958 1037 similiter,
2022 970 2360 1042 postquam
2399 979 2547 1023 ma·
2658 982 2663 984 ·

468 1095 598 1141 nus
643 1073 826 1136 arida
886 1071 1184 1134 restituta
1239 1068 1469 1148 fuerit,
1557 1071 1857 1153 magnam
1900 1067 2228 1135 hominum
2278 1067 2547 1137 turbam.

476 1153 874 1254 concurrisse
913 1182 1108 1246 tradit
1159 1183 1290 1266 (12,
1333 1183 1609 1264 9—21),
1690 1181 1809 1246 sed
1862 1181 1944 1245 de
1998 1183 2334 1248 vocatione
2380 1201 2543 1266 apo-

471 1300 783 1367 stolorum
818 1295 980 1360 nihil
1023 1292 1237 1356 habet.
1331 1295 1437 1360 M.
1481 1316 1637 1360 vero
1680 1293 1972 1358 ordinem
2014 1295 2272 1381 quidem
2316 1315 2535 1359 rerum
2582 1280 2589 1287 ⁸

467 1424 798 1500 gestarum
841 1427 930 1470 ex
972 1406 1056 1470 L.
1113 1396 1336 1490 petiit,
1406 1407 1525 1470 sed
1566 1429 1659 1470 ex
1704 1405 1863 1487 Mt„
1920 1429 2111 1493 quum
2154 1417 2412 1492 putaret
2452 1406 2533 1470 de

472 1523 702 1590 eodem
745 1517 1075 1582 hominum
1115 1517 1429 1582 confluxu
1472 1540 1549 1581 ac
1601 1518 1772 1602 apud
1826 1519 1911 1582 L.
1964 1539 2330 1584 sermonem
2362 1540 2529 1599 esse,

417 1715 420 1720 Ι
473 1656 606 1704 non
639 1630 956 1697 dubitavit
988 1628 1300 1693 nonnulla
1332 1628 1698 1694 describere
1740 1637 1865 1712 (vs.
1902 1637 1983 1694 12
2018 1632 2101 1696 cf.
2133 1628 2259 1694 Mt.
2284 1652 2381 1694 VS.
2406 1632 2524 1713 16),

473 1759 538 1812 et
586 1766 831 1826 nexum
867 1745 1304 1807 narrationum
1353 1727 1437 1806 ad
1480 1741 1849 1828 exemplum
1888 1747 2033 1828 ejus
2074 1742 2523 1830 aliquantulum

470 1871 719 1939 mutare
761 1857 864 1941 *)..
961 1853 1122 1930 Quae
1174 1868 1390 1932 autem
1448 1853 1547 1919 M.
1606 1858 1867 1948 propria
1916 1868 2106 1921 sunt:
2179 1854 2403 1921 Jesum
2447 1853 2529 1918 ad

469 1969 682 2036 lacum
717 1968 1127 2032 descendisse
1177 1980 1242 2030 et
1291 1970 1621 2050 navigium
1662 1989 1964 2051 parasse,
2013 1987 2097 2032 ne
2134 1967 2357 2051 populi
2402 1979 2534 2030 tur-

470 2082 574 2154 bis
603 2057 1011 2157 obrueretur,
1058 2078 1355 2140 videntur
1387 2099 1513 2140 non
1548 2076 1671 2141 huc
1699 2057 2061 2162 pertinere,
2100 2080 2219 2144 sed
2252 2080 2340 2152 ad
2378 2092 2534 2144 tem-

469 2213 594 2294 pus
641 2202 794 2278 post
851 2175 1175 2252 hominem
1226 2188 1408 2253 illum
1456 2201 1749 2255 sanatum
1796 2191 2135 2257 referenda
2172 2212 2329 2260 esse
2379 2190 2531 2276 (vid

470 2315 630 2386 sect.
676 2303 809 2386 46).
2312 2314 2333 2322 “

653 2410 746 2478 Ut
785 2413 891 2478 M.
935 2413 1297 2494 accuratior
1350 2413 1422 2479 in
1468 2413 1742 2480 diversis
1792 2414 2123 2480 hominum
2160 2416 2531 2502 nationibus

473 2526 924 2594 enumerandis
967 2537 1068 2587 est
1108 2526 1226 2608 (vs-
1257 2527 1361 2610 8),
1405 2529 1501 2591 ita
1549 2530 1641 2596 L.
1686 2530 1756 2592 in
1774 2511 2052 2592 ratione
2091 2529 2530 2610 describenda,

471 2663 596 2727 qua
631 2639 966 2733 ⁴Dominus
1025 2658 1171 2702 sese
1222 2638 1308 2702 ad
1363 2623 1693 2724 apostolos
1751 2639 2088 2725 eligendos
2149 2631 2536 2728 praeparavit

471 2756 593 2837 (VS.
639 2755 766 2832 12).
866 2750 943 2814 In
990 2751 1356 2817 nominibus
1398 2753 1847 2838 ‚apostolorum
1894 2754 2189 2842 ordinem
2238 2754 2534 2836 eundem,

468 2855 873 2948 paucissimis
929 2861 1098 2926 inter
1163 2859 1242 2927 se'
1305 2865 1718 2949 permutatiS‚
1798 2885 2021 2943 omnes
2088 2863 2531 2944 observarunt.

473 2969 605 3046 Qui
651 2973 820 3056 apud
861 2971 1212 3040 1,.1ιιᾱιω
1282 2974 1519 3042 Jacobi
1577 2973 1841 3056 dicitur,
1930 2955 2103 3061 apud
2150 2976 2253 3042 M.
2299 2998 2535 3040 nomen

476 3083 817 3150 Thaddoei
869 3081 1138 3174 habet,
1188 3087 1358 3170 apud
1419 3087 1552 3150 Mt.
1606 3108 1757 3150 vero
1808 3086 2091 3154 Lebbaei
2148 3090 2535 3171 cognomine

471 3191 819 3270 Thaddaei;
885 3215 1246 3281 cognomen
1292 3185 1601 3262 Simonis
1632 3199 1800 3281 apud
1834 3198 1963 3262 Mt.
1988 3212 2065 3261 et
2095 3199 2196 3263 Μ.
2230 3191 2533 3264 hebraice
2600 3185 2606 3195 ¹

468 3308 856 3394 exprimitur
915 3308 1314 3394 (Κανανίτης)
1343 3355 1368 3388 ,
1475 3309 1647 3393 apud
1723 3309 1813 3374 L.
1881 3329 2095 3392 graece
2148 3311 2535 3396 explicatur

466 3415 824 3502 (Ζηλῶτης).
909 3419 1012 3484 Μ.
1047 3421 1326 3507 denique
1360 3419 1487 3484 soli
1532 3419 1803 3484 debetur
1847 3440 2206 3506 cognomen
2250 3421 2533 3488 filiorum

465 3525 773 3593 Zebedaei
810 3530 1200 3619 (Βοανεργὲς)
1243 3534 1325 3616 **)
1371 3529 1557 3594 nobis
1604 3546 1953 3598 servatum.

471 3689 478 3696 ‘
532 3687 592 3757 ⁴³)
666 3687 757 3744 Cf.
793 3688 1107 3745 oriesbach.
1160 3688 1331 3759 (syn.
1381 3707 1586 3748 comm.
1636 3668 1811 3749 theol.
1851 3691 1977 3749 edd.
2018 3689 2361 3758 Velthusen,
2400 3690 2531 3746 Ru-

670 3779 856 3847 perti,
905 3774 1175 3834 Kuinoel.
1217 3778 1259 3832 1.
1309 3798 1368 3852 p.
1409 3780 1580 3852 375),
1632 3777 1863 3837 ‘Paulus
1913 3784 2235 3849 (comm.‘1.
2270 3801 2330 3853 p.
2370 3784 2524 3852 598),

674 3865 1150 3924 Schleiermaclzer.
1191 3867 1230 3926 1.
1269 3869 1306 3923 1.
1343 3889 1400 3944 p.
1434 3875 1524 3931 85.
1563 3875 1823 3933 Saunier.
1866 3874 1899 3927 l.
1938 3875 1971 3929 1.
2014 3893 2069 3945 p.
2107 3877 2179 3932 66
2212 3889 2257 3927 s-

504 3951 584 4024 ”)
661 3955 886 4027 Nomen
944 3954 1328 4014 honorificum
1396 3963 1597 4028 fuisse,
1664 3963 1762 4014 ¹vel
1815 3954 1883 4014 ex
1949 3962 2191 4016 formula
2258 3959 2533 4034 loquendi

667 4048 922 4108 ἐπέθηκεν
973 4043 1162 4104 αὐτοῖς
1213 4045 1460 4120 ὀνόματα
1514 4065 1784 4122 apparere
1818 4050 2075 4120 videtur,
2150 4069 2271 4122 ‹111ae
2302 4050 2375 4105 fle
2410 4067 2533 4106 no·-

667 4133 822 4188 mine
860 4133 1016 4190 Petri
1055 4139 1229 4194 etiam
1265 4136 1589 4194 adhibetur.
