2850 4584
1434 251 1473 308 8
1880 243 1899 280 ἱ

414 445 756 514 commode
798 458 1009 519 certe3
1070 419 1278 532 neque
1323 446 1497 508 enim
1540 441 1849 508 credibile
1888 457 2029 524 ent,
2070 467 2333 532 magos,
2380 450 2488 534 qui

415 560 691 629 insidias
731 556 1016 622 Herodis
1055 559 1565 641 suspicarentur,
1610 577 1741 619 non
1764 557 2135 642 ‚periculum
2165 559 2489 626 indicasse

421 670 834 759 parentibu8‚
893 677 1100 756 meque
1139 689 1294 732 vero
1334 647 1455 730 hos
1498 667 1859 732 admonitos
1898 668 2106 736 filium
2149 673 2218 734 in
2262 660 2487 736 urbem

422 785 679 870 tyranni
725 779 1186 861 crudelissimi,
1245 801 1486 866 agnum
1520 781 1588 843 in
1632 801 1885 865 ungues
1923 781 2068 868 lupi¹
2101 783 2487 858 adduxisse3

422 877 1004 962 accedit’edictum
1043 891 1329 955 Herodis
1377 890 1457 954 de
1503 887 1721 974 puer'is
1778 892 2037 957 bimulis
2092 895 2487 968 trucidandis

423 1005 571 1094 (Mt.
615 1011 680 1085 2,
733 1006 873 1088 16),
945 1004 1116 1089 quod
1176 1003 1397 1083 docet,
1456 1007 1763 1090 temporis
1819 1008 2097 1088 spatium
2144 1027 2275 1069 non
2322 1007 2486 1070 adeo

419 1118 651 1183 saltem
684 1118 995 1200 exiguum
1024 1111 1172 1200 post
1199 1127 1451 1199 partum
1482 1115 1713 1178 Mariae
1741 1117 2207 1182 intercessisse.
2246 1115 2485 1210 rMulto

417 1233 632 1296 minus
665 1249 821 1293 vero
854 1237 1014 1314 post
1040 1227 1320 1298 reditum
1353 1248 1440 1290 ex
1471 1225 1764 1312 AEgypto
1795 1226 2191 1326 oblationem
2222 1230 2483 1295 differre

417 1343 570 1408 licet
613 1343 729 1425 (ita
755 1337 1066 1406 Hauber.
1097 1351 1162 1413 et
1190 1339 1574 1429 Bilaching.
1608 1342 1678 1403 in
1709 1338 1912 1428 harm.
1948 1341 2140 1425 evv.)‚
2184 1339 2483 1406 obstante

422 1455 530 1520 die
569 1465 718 1542 post
753 1461 1011 1538 partum
1045 1445 1285 1514 XLmo
1323 1450 1495 1536 apud
1521 1451 1616 1514 L.
1660 1452 1946 1517 indicato
1989 1456 2073 1537 (2,
2104 1454 2247 1535 22),
2292 1466 2483 1541 atque

415 1567 789 1638 narratione
845 1557 970 1626 Mt.
1023 1561 1105 1626 de
1164 1563 1501 1647 provincia
1556 1561 1799 1628 Judaeae
1858 1586 1899 1629 a
1960 1563 2334 1653 parent-ibus
2392 1587 2481 1630 ex

416 1675 705 1764 AEgypto
753 1677 1032 1740 reversis
1077 1676 1278 1740 anxie
1320 1675 1521 1739 vitata
1564 1676 1652 1759 (2,
1682 1673 1817 1760 22).

525 1837 528 1844 .
585 1787 696 1852 Sic
741 1808 899 1873 ergo
944 1785 1223 1867 oblatio,
1283 1795 1356 1848 ut
1395 1785 1691 1867 videtur,
1757 1797 1919 1852 ante
1961 1787 2307 1852 adventum
2350 1810 2481 1853 ma-

415 1923 648 1988 gorum
703 1899 1007 1986 ponenda
1069 1899 1195 1963 erit
1254 1897 1371 1982 (ita
1434 1895 1813 1978 Osiander,
1890 1899 2065 1966 Rus.
2084 1947 2108 1977 ,
2164 1899 2477 1986 Bengel„

417 2009 845 2104 Lightfoot„
874 2007 1238 2076 Michaelis
1262 2007 1462 2092 (Einl.
1492 2011 1597 2071 ins
1626 2005 1711 2071 N.
1736 2007 1873 2092 T.)‚
1900 2009 2171 2078 Paulus
2201 2007 2475 2094 (Comm-

411 2126 518 2189 ad.
559 2121 626 2186 h.
663 2122 710 2185 l.
755 2121 819 2185 d.
857 2117 1088 2183 Leben
1131 2117 1194 2182 J.
1237 2115 1294 2181 I.
1339 2137 1493 2202 pag.
1538 2121 1660 2181 105
1708 2119 1828 2202 s.),
1872 2119 2235 2198 Kainoel„
2275 2119 2473 2208 Hag-

411 2235 611 2322 (Einl.
657 2233 745 2299 Π.
792 2255 862 2319 Ρ.
895 2233 1020 2294 273
1059 2234 1182 2312 8.),
1243 2239 1316 2293 ut
1356 2228 1561 2294 verba
1602 2228 1802 2294 Lucae
1846 2235 1912 2312 2,
1946 2233 2061 2294 39:
2132 2229 2474 2320 ὖσζέςρεψαν

403 2351 493 2423 fue
521 2375 576 2414 τ.
611 2351 828 2414 Γαλιλ.
870 2346 1124 2410 ratione
1163 2342 1473 2426 temporis
1513 2344 1727 2406 minus
1760 2359 2060 2408 accurate
2090 2345 2331 2428 scripta
2367 2364 2477 2436 ne-

407 2480 535 2547 que
566 2457 1003 2544 explicatione
1035 2453 1328 2539 urgenda
1361 2453 1579 2537 sint*).
1661 2453 1923 2518 Etenim
1947 2456 2107 2519 ordo
2132 2475 2345 2520 rerum
2371 2453 2477 2520 hic

411 2570 720 2636 efficitur:
761 2578 1099 2654 parentes,
1141 2569 1342 2630 sacris
1376 2568 1447 2629 in
1476 2564 1716 2652 templo
1748 2568 1873 2631 rite
1910 2569 2214 2662 peractis,
2243 2565 2479 2632 Hiero-

406 2682 655 2768 solyma
683 2681 955 2748 rediisse
983 2675 1477 2748 Bethlehemum
1511 2669 1729 2769 ibique
1747 2699 1975 2767 magos
2006 2671 2345 2766 excepisse
2359 2683 2475 2764 *²·);

609 2950 742 3014 post
778 2943 970 2994 Jesum
1016 2951 1213 2997 natum
1268 2940 1349 3008 (d.
1387 2945 1426 3002 6
1474 2938 1639 3014 Jan.)
1690 2943 1895 3000 festum
1943 2939 2283 3016 Epiphania
2319 2957 2471 3009 con-

612 3031 823 3088 stituit.

467 3171 532 3242 ¹⁶)
603 3168 690 3238 Eo
725 3171 920 3226 minus
952 3169 1033 3225 ita
1068 3169 1322 3240 urgenda
1359 3182 1526 3239 sunt,
1588 3183 1653 3228 ut
1697 3171 2109 3226 successionem
2148 3179 2499 3243 temporum·

610 3259 936 3316 immediate
963 3259 1334 3329 constituant,
1374 3281 1551 3334 quum
1585 3263 1721 3318 satis
1755 3270 1946 3333 aperte
1982 3258 2285 3312 clausulam
2322 3269 2503 3312 con:

603 3352 789 3404 tinere
839 3348 1142 3405 videantur
1193 3354 1547 3410 narrationis
1600 3352 1672 3406 ad
1720 3351 1894 3405 finem
1940 3338 2331 3430 properantia
2398 3348 2473 3405 iis

603 3457 780 3507 vem,
844 3443 944 3512 qui
981 3443 1063 3496 ita
1097 3452 1355 3498 statuunt
1406 3443 1923 3513 (Schleiermacher.
1974 3439 2031 3493 d.
2086 3434 2254 3505 Schr.
2306 3435 2362 3494 d.
2400 3438 2469 3492 L.

600 3549 658 3604 p.
682 3535 770 3590 43.
795 3533 866 3588 45
890 3530 929 3584 f.
999 3533 1299 3589 Eichlwm:
1336 3533 1494 3588 Einl.
1525 3533 1570 3588 I.
1608 3549 1665 3604 p.
1694 3535 1795 3591 471
1825 3531 1886 3597 f„
1924 3527 2207 3582 Fritzsche
2246 3525 2471 3588 Comm-

599 3619 672 3674 ad
709 3617 769 3672 h.
807 3622 909 3690 l.),
977 3619 1047 3674 de
1093 3638 1242 3674 nexu
1286 3622 1641 3677 nari-ationis
1678 3622 1957 3675 continuo
1992 3631 2228 3689 prorsus
2263 3614 2469 3690 despe-

602 3707 852 3766 randum
883 3719 988 3769 est.

439 3846 521 3916 ⁸⁸)
593 3845 769 3919 Quod
816 3865 954 3903 vero
1009 3845 1439 3909 Bethlehemum
1491 3849 1772 3906 redierint
1825 3865 2012 3921 neque
2066 3839 2467 3912 Nazaretham,

597 3937 752 3991 haud
784 3938 926 3992 adeo
961 3937 1293 3993 mirandum
1327 3952 1443 4009 est,
1484 3959 1659 4014 quum
1694 3957 1762 3998 ex
1798 3936 1911 3996 Mt.
1951 3938 2040 4009 (2,
2068 3935 2172 4005 22)
2210 3944 2471 3988 constare
2584 3989 2592 3999 .

596 4027 882 4127 videatur,
923 4028 1278 4102 parentibus,
1314 4033 1489 4087 etiam
1524 4049 1591 4088 ex
1607 4036 1864 4104 AEgypto
1900 4025 2293 4094 redeuntibus,
2330 4022 2466 4096 pri-
