<?xml version="1.0" encoding="UTF-8"?>
<!DOCTYPE html PUBLIC "-//W3C//DTD XHTML 1.0 Transitional//EN"
    "http://www.w3.org/TR/xhtml1/DTD/xhtml1-transitional.dtd">
<html xmlns="http://www.w3.org/1999/xhtml" xml:lang="en" lang="en">
 <head>
  <title>
</title>
<meta http-equiv="Content-Type" content="text/html;charset=utf-8" />
  <meta name='ocr-system' content='tesseract 3.04.00' />
  <meta name='ocr-capabilities' content='ocr_page ocr_carea ocr_par ocr_line ocrx_word'/>
</head>
<body>
  <div class='ocr_page' id='page_1' title='image "./quatuorevangeli00claugoog_0031.png"; bbox 0 0 2850 4584; ppageno 0'>
   <div class='ocr_carea' id='block_1_1' title="bbox 1408 217 1494 305">
    <p class='ocr_par' dir='ltr' id='par_1_1' title="bbox 1408 217 1494 305">
     <span class='ocr_line' id='line_1_1' title="bbox 1408 217 1494 305; baseline 0 0"><span class='ocrx_word' id='word_1_1' title='bbox 1408 217 1449 276; x_wconf 78' lang='lat'><em>7</em></span> <span class='ocrx_word' id='word_1_2' title='bbox 1484 261 1494 305; x_wconf 82' lang='grc' dir='ltr'><em>ῑ</em></span> 
     </span>
    </p>
   </div>
   <div class='ocr_carea' id='block_1_2' title="bbox 305 403 2453 725">
    <p class='ocr_par' dir='ltr' id='par_1_2' title="bbox 305 403 2453 725">
     <span class='ocr_line' id='line_1_2' title="bbox 305 403 2453 499; baseline -0.004 -13"><span class='ocrx_word' id='word_1_3' title='bbox 305 421 310 428; x_wconf 81' lang='lat'>&#39;</span> <span class='ocrx_word' id='word_1_4' title='bbox 393 418 747 486; x_wconf 79' lang='lat' dir='ltr'><strong>secundam</strong></span> <span class='ocrx_word' id='word_1_5' title='bbox 783 403 1073 499; x_wconf 44' lang='lat' dir='ltr'><strong>stirpem*</strong></span> <span class='ocrx_word' id='word_1_6' title='bbox 1103 414 1469 497; x_wconf 77' lang='lat' dir='ltr'><strong>pertinere,</strong></span> <span class='ocrx_word' id='word_1_7' title='bbox 1516 433 1657 499; x_wconf 68' lang='lat' dir='ltr'><strong>quae</strong></span> <span class='ocrx_word' id='word_1_8' title='bbox 1690 413 1759 475; x_wconf 90' lang='lat' dir='ltr'><strong>in</strong></span> <span class='ocrx_word' id='word_1_9' title='bbox 1790 410 1994 476; x_wconf 80' lang='lat' dir='ltr'><strong>exilio</strong></span> <span class='ocrx_word' id='word_1_10' title='bbox 2018 409 2235 498; x_wconf 80' lang='lat' dir='ltr'><strong>babyl.</strong></span> <span class='ocrx_word' id='word_1_11' title='bbox 2269 411 2453 478; x_wconf 87' lang='lat' dir='ltr'><strong>finia-</strong></span> 
     </span>
     <span class='ocr_line' id='line_1_3' title="bbox 393 522 2451 610; baseline -0.002 -14"><span class='ocrx_word' id='word_1_12' title='bbox 393 544 530 610; x_wconf 88' lang='lat' dir='ltr'><strong>tur,</strong></span> <span class='ocrx_word' id='word_1_13' title='bbox 603 533 698 594; x_wconf 88' lang='lat' dir='ltr'><strong>ita</strong></span> <span class='ocrx_word' id='word_1_14' title='bbox 740 540 812 592; x_wconf 85' lang='lat' dir='ltr'><strong>ut</strong></span> <span class='ocrx_word' id='word_1_15' title='bbox 853 522 1220 608; x_wconf 79' lang='lat' dir='ltr'><strong>Jechonjah</strong></span> <span class='ocrx_word' id='word_1_16' title='bbox 1261 527 1521 588; x_wconf 85' lang='lat' dir='ltr'><strong>nonnisi</strong></span> <span class='ocrx_word' id='word_1_17' title='bbox 1555 525 1641 589; x_wconf 86' lang='lat' dir='ltr'><strong>ad</strong></span> <span class='ocrx_word' id='word_1_18' title='bbox 1681 523 1955 608; x_wconf 80' lang='lat' dir='ltr'><strong>classem</strong></span> <span class='ocrx_word' id='word_1_19' title='bbox 1994 527 2250 590; x_wconf 82' lang='lat' dir='ltr'><strong>tertiam</strong></span> <span class='ocrx_word' id='word_1_20' title='bbox 2286 526 2451 592; x_wconf 83' lang='lat' dir='ltr'><strong>refe-</strong></span> 
     </span>
     <span class='ocr_line' id='line_1_4' title="bbox 391 635 2279 725; baseline -0.003 -18"><span class='ocrx_word' id='word_1_21' title='bbox 391 641 665 724; x_wconf 86' lang='lat' dir='ltr'><strong>rendus,</strong></span> <span class='ocrx_word' id='word_1_22' title='bbox 691 642 871 725; x_wconf 71' lang='lat' dir='ltr'><strong>&#39;ipse</strong></span> <span class='ocrx_word' id='word_1_23' title='bbox 921 659 1075 703; x_wconf 86' lang='lat' dir='ltr'><strong>vero</strong></span> <span class='ocrx_word' id='word_1_24' title='bbox 1121 635 1275 701; x_wconf 79' lang='lat' dir='ltr'><strong>Chr.</strong></span> <span class='ocrx_word' id='word_1_25' title='bbox 1317 638 1388 699; x_wconf 86' lang='lat' dir='ltr'><strong>in</strong></span> <span class='ocrx_word' id='word_1_26' title='bbox 1426 636 1653 700; x_wconf 87' lang='lat' dir='ltr'><strong>eadem</strong></span> <span class='ocrx_word' id='word_1_27' title='bbox 1696 637 2133 706; x_wconf 75' lang='lat' dir='ltr'><strong>numerandus</strong></span> <span class='ocrx_word' id='word_1_28' title='bbox 2175 640 2279 703; x_wconf 88' lang='lat' dir='ltr'><strong>sit.</strong></span> 
     </span>
    </p>
   </div>
   <div class='ocr_carea' id='block_1_3' title="bbox 1225 777 1635 896">
    <p class='ocr_par' dir='ltr' id='par_1_3' title="bbox 1225 777 1635 896">
     <span class='ocr_line' id='line_1_5' title="bbox 1225 777 1635 896; baseline -0.007 0"><span class='ocrx_word' id='word_1_29' title='bbox 1225 797 1233 805; x_wconf 81' lang='grc'><strong>’</strong></span> <span class='ocrx_word' id='word_1_30' title='bbox 1316 777 1518 896; x_wconf 71' lang='lat' dir='ltr'><strong>vni.</strong></span> <span class='ocrx_word' id='word_1_31' title='bbox 1626 886 1635 893; x_wconf 87' lang='lat'><strong>.</strong></span> 
     </span>
    </p>
   </div>
   <div class='ocr_carea' id='block_1_4' title="bbox 315 991 2452 1292">
    <p class='ocr_par' dir='ltr' id='par_1_4' title="bbox 315 991 2452 1292">
     <span class='ocr_line' id='line_1_6' title="bbox 1157 991 1679 1063; baseline 0.006 -11"><span class='ocrx_word' id='word_1_32' title='bbox 1157 991 1302 1046; x_wconf 75' lang='lat' dir='ltr'>Luc·</span> <span class='ocrx_word' id='word_1_33' title='bbox 1351 999 1410 1063; x_wconf 76' lang='lat'><strong>2,</strong></span> <span class='ocrx_word' id='word_1_34' title='bbox 1446 994 1679 1056; x_wconf 68' lang='lat'><strong>22—38·</strong></span> 
     </span>
     <span class='ocr_line' id='line_1_7' title="bbox 399 1089 2452 1188; baseline -0.003 -20"><span class='ocrx_word' id='word_1_35' title='bbox 399 1098 712 1168; x_wconf 67' lang='lat' dir='ltr'><strong>Christus</strong></span> <span class='ocrx_word' id='word_1_36' title='bbox 756 1098 912 1168; x_wconf 83' lang='lat' dir='ltr'><strong>Deo</strong></span> <span class='ocrx_word' id='word_1_37' title='bbox 951 1097 1026 1163; x_wconf 83' lang='lat' dir='ltr'><strong>in</strong></span> <span class='ocrx_word' id='word_1_38' title='bbox 1058 1089 1324 1185; x_wconf 73' lang='lat' dir='ltr'><strong>&#39;templo</strong></span> <span class='ocrx_word' id='word_1_39' title='bbox 1363 1095 1689 1188; x_wconf 80' lang='lat' dir='ltr'><strong>offertur.</strong></span> <span class='ocrx_word' id='word_1_40' title='bbox 1772 1095 2110 1163; x_wconf 73' lang='lat' dir='ltr'><strong>Simeonis</strong></span> <span class='ocrx_word' id='word_1_41' title='bbox 2138 1108 2208 1163; x_wconf 76' lang='lat' dir='ltr'><strong>et</strong></span> <span class='ocrx_word' id='word_1_42' title='bbox 2230 1097 2452 1164; x_wconf 79' lang='lat' dir='ltr'><strong>Armoe</strong></span> 
     </span>
     <span class='ocr_line' id='line_1_8' title="bbox 315 1192 1721 1292; baseline 0.001 -28"><span class='ocrx_word' id='word_1_43' title='bbox 315 1192 326 1206; x_wconf 84' lang='grc'><strong><em>’</em></strong></span> <span class='ocrx_word' id='word_1_44' title='bbox 1117 1199 1206 1266; x_wconf 80' lang='lat' dir='ltr'><strong>de</strong></span> <span class='ocrx_word' id='word_1_45' title='bbox 1261 1226 1338 1270; x_wconf 86' lang='lat' dir='ltr'><strong>eo</strong></span> <span class='ocrx_word' id='word_1_46' title='bbox 1393 1203 1721 1292; x_wconf 81' lang='lat' dir='ltr'><strong>auguria.</strong></span> 
     </span>
    </p>
   </div>
   <div class='ocr_carea' id='block_1_5' title="bbox 383 1353 2455 1758">
    <p class='ocr_par' dir='ltr' id='par_1_5' title="bbox 383 1353 2455 1758">
     <span class='ocr_line' id='line_1_9' title="bbox 559 1353 2451 1454; baseline -0.003 -31"><span class='ocrx_word' id='word_1_47' title='bbox 559 1355 731 1423; x_wconf 83' lang='lat' dir='ltr'><strong>Not.</strong></span> <span class='ocrx_word' id='word_1_48' title='bbox 766 1357 836 1420; x_wconf 87' lang='lat' dir='ltr'><strong>in</strong></span> <span class='ocrx_word' id='word_1_49' title='bbox 863 1353 1078 1420; x_wconf 82' lang='lat' dir='ltr'><strong>verbis</strong></span> <span class='ocrx_word' id='word_1_50' title='bbox 1111 1353 1440 1421; x_wconf 77' lang='lat' dir='ltr'><strong>Simeonis</strong></span> <span class='ocrx_word' id='word_1_51' title='bbox 1469 1359 1768 1423; x_wconf 87' lang='lat' dir='ltr'><strong>notiones</strong></span> <span class='ocrx_word' id='word_1_52' title='bbox 1796 1357 2174 1444; x_wconf 76' lang='lat' dir='ltr'><strong>purissimas</strong></span> <span class='ocrx_word' id='word_1_53' title='bbox 2205 1365 2269 1454; x_wconf 79' lang='lat' dir='ltr'><strong>et</strong></span> <span class='ocrx_word' id='word_1_54' title='bbox 2300 1375 2451 1420; x_wconf 80' lang='lat' dir='ltr'><strong>vere</strong></span> 
     </span>
     <span class='ocr_line' id='line_1_10' title="bbox 385 1464 2455 1555; baseline -0.002 -22"><span class='ocrx_word' id='word_1_55' title='bbox 385 1467 770 1533; x_wconf 85' lang='lat' dir='ltr'><strong>christianas</strong></span> <span class='ocrx_word' id='word_1_56' title='bbox 815 1468 896 1532; x_wconf 91' lang='lat' dir='ltr'><strong>de</strong></span> <span class='ocrx_word' id='word_1_57' title='bbox 940 1467 1192 1534; x_wconf 83' lang='lat' dir='ltr'><strong>Messia</strong></span> <span class='ocrx_word' id='word_1_58' title='bbox 1234 1472 1527 1555; x_wconf 85' lang='lat' dir='ltr'><strong>gentium</strong></span> <span class='ocrx_word' id='word_1_59' title='bbox 1566 1481 1939 1533; x_wconf 81' lang='lat' dir='ltr'><strong>cunctarum</strong></span> <span class='ocrx_word' id='word_1_60' title='bbox 1978 1469 2282 1548; x_wconf 78' lang='lat' dir='ltr'><strong>doctore,</strong></span> <span class='ocrx_word' id='word_1_61' title='bbox 2328 1464 2455 1546; x_wconf 77' lang='lat' dir='ltr'><strong>sal-</strong></span> 
     </span>
     <span class='ocr_line' id='line_1_11' title="bbox 385 1580 2454 1668; baseline -0.001 -24"><span class='ocrx_word' id='word_1_62' title='bbox 385 1591 649 1666; x_wconf 82' lang='lat' dir='ltr'><strong>vatore,</strong></span> <span class='ocrx_word' id='word_1_63' title='bbox 691 1581 948 1665; x_wconf 86' lang='lat' dir='ltr'><strong>judice,</strong></span> <span class='ocrx_word' id='word_1_64' title='bbox 1009 1583 1209 1646; x_wconf 85' lang='lat' dir='ltr'><strong>vitam</strong></span> <span class='ocrx_word' id='word_1_65' title='bbox 1255 1604 1408 1648; x_wconf 89' lang='lat' dir='ltr'><strong>vero</strong></span> <span class='ocrx_word' id='word_1_66' title='bbox 1457 1580 1793 1646; x_wconf 88' lang='lat' dir='ltr'><strong>hominum</strong></span> <span class='ocrx_word' id='word_1_67' title='bbox 1822 1583 2153 1668; x_wconf 82' lang='lat' dir='ltr'><strong>impietate</strong></span> <span class='ocrx_word' id='word_1_68' title='bbox 2178 1591 2267 1646; x_wconf 74' lang='lat' dir='ltr'><strong>’et</strong></span> <span class='ocrx_word' id='word_1_69' title='bbox 2303 1599 2454 1645; x_wconf 85' lang='lat' dir='ltr'><strong>con-</strong></span> 
     </span>
     <span class='ocr_line' id='line_1_12' title="bbox 383 1692 2049 1758; baseline 0.003 -4"><span class='ocrx_word' id='word_1_70' title='bbox 383 1694 665 1756; x_wconf 83' lang='lat' dir='ltr'><strong>tumacia</strong></span> <span class='ocrx_word' id='word_1_71' title='bbox 708 1693 1197 1756; x_wconf 85' lang='lat' dir='ltr'><strong>vexatissimam</strong></span> <span class='ocrx_word' id='word_1_72' title='bbox 1239 1705 1665 1758; x_wconf 79' lang='lat' dir='ltr'><strong>transactum.</strong></span> <span class='ocrx_word' id='word_1_73' title='bbox 2043 1692 2049 1706; x_wconf 66' lang='lat'><strong>¹</strong></span> 
     </span>
    </p>
   </div>
   <div class='ocr_carea' id='block_1_6' title="bbox 1349 1847 1487 1918">
    <p class='ocr_par' dir='ltr' id='par_1_6' title="bbox 1349 1847 1487 1918">
     <span class='ocr_line' id='line_1_13' title="bbox 1349 1847 1487 1918; baseline 0 0"><span class='ocrx_word' id='word_1_74' title='bbox 1349 1847 1487 1918; x_wconf 90' lang='lat' dir='ltr'><strong>IX.</strong></span> 
     </span>
    </p>
   </div>
   <div class='ocr_carea' id='block_1_7' title="bbox 702 1973 2132 2168">
    <p class='ocr_par' dir='ltr' id='par_1_7' title="bbox 702 1973 2109 2168">
     <span class='ocr_line' id='line_1_14' title="bbox 1138 1973 1693 2045; baseline 0.011 -13"><span class='ocrx_word' id='word_1_75' title='bbox 1138 1973 1350 2034; x_wconf 78' lang='lat' dir='ltr'><strong>Matth.</strong></span> <span class='ocrx_word' id='word_1_76' title='bbox 1402 1985 1459 2045; x_wconf 88' lang='lat'><strong>2,</strong></span> <span class='ocrx_word' id='word_1_77' title='bbox 1498 1984 1693 2040; x_wconf 73' lang='lat'><strong>1--12-</strong></span> 
     </span>
     <span class='ocr_line' id='line_1_15' title="bbox 702 2035 2132 2168; baseline 0.001 -24"><span class='ocrx_word' id='word_1_78' title='bbox 702 2077 912 2168; x_wconf 63' lang='lat' dir='ltr'><strong>Magi</strong></span> <span class='ocrx_word' id='word_1_79' title='bbox 949 2100 1036 2144; x_wconf 82' lang='lat' dir='ltr'><strong>ex</strong></span> <span class='ocrx_word' id='word_1_80' title='bbox 1051 2035 1364 2146; x_wconf 80' lang='lat' dir='ltr'><strong>Oriente</strong></span> <span class='ocrx_word' id='word_1_81' title='bbox 1408 2079 1767 2150; x_wconf 70' lang='lat' dir='ltr'><strong>Christum</strong></span> <span class='ocrx_word' id='word_1_82' title='bbox 1818 2080 2132 2146; x_wconf 78' lang='lat' dir='ltr'><strong>adorant.</strong></span> 
     </span>
    </p>
   </div>
   <div class='ocr_carea' id='block_1_8' title="bbox 379 2230 2541 2670">
    <p class='ocr_par' dir='ltr' id='par_1_8' title="bbox 379 2230 2541 2670">
     <span class='ocr_line' id='line_1_16' title="bbox 547 2230 2451 2324; baseline 0 -28"><span class='ocrx_word' id='word_1_83' title='bbox 547 2230 914 2298; x_wconf 78' lang='lat' dir='ltr'><strong>Difficultas</strong></span> <span class='ocrx_word' id='word_1_84' title='bbox 959 2232 1422 2319; x_wconf 79' lang='lat' dir='ltr'><strong>chronologica</strong></span> <span class='ocrx_word' id='word_1_85' title='bbox 1473 2233 1691 2300; x_wconf 87' lang='lat' dir='ltr'><strong>adest.</strong></span> <span class='ocrx_word' id='word_1_86' title='bbox 1771 2235 1943 2322; x_wconf 83' lang='lat' dir='ltr'><strong>apud</strong></span> <span class='ocrx_word' id='word_1_87' title='bbox 1997 2235 2122 2304; x_wconf 82' lang='lat' dir='ltr'><strong>Mt.</strong></span> <span class='ocrx_word' id='word_1_88' title='bbox 2164 2233 2451 2324; x_wconf 86' lang='lat' dir='ltr'><strong>narratio</strong></span> 
     </span>
     <span class='ocr_line' id='line_1_17' title="bbox 383 2339 2457 2433; baseline -0.002 -23"><span class='ocrx_word' id='word_1_89' title='bbox 383 2346 465 2410; x_wconf 83' lang='lat' dir='ltr'><strong>de</strong></span> <span class='ocrx_word' id='word_1_90' title='bbox 504 2342 836 2410; x_wconf 77' lang='lat' dir='ltr'><strong>oblatione</strong></span> <span class='ocrx_word' id='word_1_91' title='bbox 877 2349 949 2411; x_wconf 88' lang='lat' dir='ltr'><strong>in</strong></span> <span class='ocrx_word' id='word_1_92' title='bbox 990 2345 1235 2433; x_wconf 86' lang='lat' dir='ltr'><strong>templo</strong></span> <span class='ocrx_word' id='word_1_93' title='bbox 1267 2347 1701 2412; x_wconf 82' lang='lat' dir='ltr'><strong>desideratur:</strong></span> <span class='ocrx_word' id='word_1_94' title='bbox 1742 2359 2049 2433; x_wconf 81' lang='lat' dir='ltr'><strong>parentes</strong></span> <span class='ocrx_word' id='word_1_95' title='bbox 2074 2346 2235 2411; x_wconf 85' lang='lat' dir='ltr'><strong>Jesu</strong></span> <span class='ocrx_word' id='word_1_96' title='bbox 2260 2339 2457 2407; x_wconf 87' lang='lat' dir='ltr'><strong>Beth-</strong></span> 
     </span>
     <span class='ocr_line' id='line_1_18' title="bbox 379 2457 2541 2546; baseline -0.003 -24"><span class='ocrx_word' id='word_1_97' title='bbox 379 2457 616 2523; x_wconf 89' lang='lat' dir='ltr'><strong>lehemi</strong></span> <span class='ocrx_word' id='word_1_98' title='bbox 647 2472 1116 2525; x_wconf 80' lang='lat' dir='ltr'><strong>commorantes</strong></span> <span class='ocrx_word' id='word_1_99' title='bbox 1145 2479 1374 2544; x_wconf 84' lang='lat' dir='ltr'><strong>magos</strong></span> <span class='ocrx_word' id='word_1_100' title='bbox 1410 2461 1767 2546; x_wconf 82' lang='lat' dir='ltr'><strong>excipiunt,</strong></span> <span class='ocrx_word' id='word_1_101' title='bbox 1805 2461 1961 2524; x_wconf 88' lang='lat' dir='ltr'><strong>inde</strong></span> <span class='ocrx_word' id='word_1_102' title='bbox 1994 2463 2065 2524; x_wconf 89' lang='lat' dir='ltr'><strong>in</strong></span> <span class='ocrx_word' id='word_1_103' title='bbox 2094 2457 2453 2542; x_wconf 78' lang='lat' dir='ltr'><strong>AEgyptum</strong></span> <span class='ocrx_word' id='word_1_104' title='bbox 2522 2493 2541 2507; x_wconf 38' lang='grc' dir='ltr'><strong><em>κ</em></strong></span> 
     </span>
     <span class='ocr_line' id='line_1_19' title="bbox 380 2567 2451 2670; baseline -0.004 -34"><span class='ocrx_word' id='word_1_105' title='bbox 380 2571 759 2656; x_wconf 84' lang='lat' dir='ltr'><strong>aufugiunt,</strong></span> <span class='ocrx_word' id='word_1_106' title='bbox 804 2583 940 2637; x_wconf 89' lang='lat' dir='ltr'><strong>tum</strong></span> <span class='ocrx_word' id='word_1_107' title='bbox 973 2593 1131 2638; x_wconf 86' lang='lat' dir='ltr'><strong>vero</strong></span> <span class='ocrx_word' id='word_1_108' title='bbox 1163 2575 1232 2636; x_wconf 90' lang='lat' dir='ltr'><strong>in</strong></span> <span class='ocrx_word' id='word_1_109' title='bbox 1261 2569 1603 2670; x_wconf 58' lang='lat' dir='ltr'><strong>Galilaaeam</strong></span> <span class='ocrx_word' id='word_1_110' title='bbox 1632 2572 1945 2653; x_wconf 85' lang='lat' dir='ltr'><strong>redeunt,</strong></span> <span class='ocrx_word' id='word_1_111' title='bbox 1994 2569 2171 2634; x_wconf 86' lang='lat' dir='ltr'><strong>nulla</strong></span> <span class='ocrx_word' id='word_1_112' title='bbox 2200 2567 2451 2632; x_wconf 76' lang='lat' dir='ltr'><strong>itineris</strong></span> 
     </span>
    </p>
   </div>
   <div class='ocr_carea' id='block_1_9' title="bbox 376 2682 2583 2768">
    <p class='ocr_par' dir='ltr' id='par_1_9' title="bbox 376 2682 2583 2768">
     <span class='ocr_line' id='line_1_20' title="bbox 376 2682 2583 2768; baseline -0.004 -20"><span class='ocrx_word' id='word_1_113' title='bbox 376 2683 952 2768; x_wconf 82' lang='lat' dir='ltr'><strong>Hierosolymitani</strong></span> <span class='ocrx_word' id='word_1_114' title='bbox 985 2687 1316 2748; x_wconf 86' lang='lat' dir='ltr'><strong>mentione</strong></span> <span class='ocrx_word' id='word_1_115' title='bbox 1356 2685 1561 2760; x_wconf 80' lang='lat' dir='ltr'><strong>facta3</strong></span> <span class='ocrx_word' id='word_1_116' title='bbox 1604 2719 1693 2735; x_wconf 88' lang='lat'><strong>--·</strong></span> <span class='ocrx_word' id='word_1_117' title='bbox 1733 2685 1824 2750; x_wconf 83' lang='lat' dir='ltr'><strong>L.</strong></span> <span class='ocrx_word' id='word_1_118' title='bbox 1870 2683 1951 2746; x_wconf 89' lang='lat' dir='ltr'><strong>de</strong></span> <span class='ocrx_word' id='word_1_119' title='bbox 1996 2682 2279 2748; x_wconf 86' lang='lat' dir='ltr'><strong>adventu</strong></span> <span class='ocrx_word' id='word_1_120' title='bbox 2319 2699 2455 2740; x_wconf 87' lang='lat' dir='ltr'><strong>ma·</strong></span> <span class='ocrx_word' id='word_1_121' title='bbox 2574 2741 2583 2748; x_wconf 74' lang='grc'><strong>,</strong></span> 
     </span>
    </p>
   </div>
   <div class='ocr_carea' id='block_1_10' title="bbox 319 2792 2451 3330">
    <p class='ocr_par' dir='ltr' id='par_1_10' title="bbox 374 2792 2449 2882">
     <span class='ocr_line' id='line_1_21' title="bbox 374 2792 2449 2882; baseline -0.003 -21"><span class='ocrx_word' id='word_1_122' title='bbox 374 2817 608 2882; x_wconf 80' lang='lat' dir='ltr'><strong>gotum</strong></span> <span class='ocrx_word' id='word_1_123' title='bbox 645 2808 710 2860; x_wconf 92' lang='lat' dir='ltr'><strong>et</strong></span> <span class='ocrx_word' id='word_1_124' title='bbox 760 2795 840 2858; x_wconf 89' lang='lat' dir='ltr'><strong>de</strong></span> <span class='ocrx_word' id='word_1_125' title='bbox 881 2795 1040 2880; x_wconf 79' lang='lat' dir='ltr'><strong>fuga</strong></span> <span class='ocrx_word' id='word_1_126' title='bbox 1084 2797 1160 2858; x_wconf 86' lang='lat' dir='ltr'><strong>in</strong></span> <span class='ocrx_word' id='word_1_127' title='bbox 1185 2793 1545 2882; x_wconf 86' lang='lat' dir='ltr'><strong>AEgyptum</strong></span> <span class='ocrx_word' id='word_1_128' title='bbox 1582 2793 1747 2858; x_wconf 87' lang='lat' dir='ltr'><strong>nihil</strong></span> <span class='ocrx_word' id='word_1_129' title='bbox 1787 2793 2018 2874; x_wconf 87' lang='lat' dir='ltr'><strong>habet,</strong></span> <span class='ocrx_word' id='word_1_130' title='bbox 2060 2792 2181 2858; x_wconf 83' lang='lat' dir='ltr'><strong>sed</strong></span> <span class='ocrx_word' id='word_1_131' title='bbox 2217 2813 2449 2877; x_wconf 82' lang='lat' dir='ltr'><strong>paren-</strong></span> 
     </span>
    </p>

    <p class='ocr_par' dir='ltr' id='par_1_11' title="bbox 377 2895 2450 3086">
     <span class='ocr_line' id='line_1_22' title="bbox 377 2895 2450 2994; baseline -0.003 -21"><span class='ocrx_word' id='word_1_132' title='bbox 377 2921 516 2989; x_wconf 85' lang='lat' dir='ltr'><strong>tes,</strong></span> <span class='ocrx_word' id='word_1_133' title='bbox 557 2920 632 2970; x_wconf 84' lang='lat' dir='ltr'><strong>ut</strong></span> <span class='ocrx_word' id='word_1_134' title='bbox 671 2897 880 2971; x_wconf 85' lang='lat' dir='ltr'><strong>filium</strong></span> <span class='ocrx_word' id='word_1_135' title='bbox 919 2907 990 2970; x_wconf 87' lang='lat' dir='ltr'><strong>in</strong></span> <span class='ocrx_word' id='word_1_136' title='bbox 1037 2903 1278 2991; x_wconf 86' lang='lat' dir='ltr'><strong>templo</strong></span> <span class='ocrx_word' id='word_1_137' title='bbox 1317 2905 1628 2986; x_wconf 73' lang='lat' dir='ltr'><strong>offerant,</strong></span> <span class='ocrx_word' id='word_1_138' title='bbox 1687 2895 2209 2994; x_wconf 62' lang='lat' dir='ltr'><strong>Hierosolymam</strong></span> <span class='ocrx_word' id='word_1_139' title='bbox 2248 2905 2450 2983; x_wconf 88' lang='lat' dir='ltr'><strong>adire,</strong></span> 
     </span>
     <span class='ocr_line' id='line_1_23' title="bbox 377 3015 1775 3086; baseline -0.001 0"><span class='ocrx_word' id='word_1_140' title='bbox 377 3017 443 3086; x_wconf 81' lang='lat' dir='ltr'><strong>et</strong></span> <span class='ocrx_word' id='word_1_141' title='bbox 482 3019 635 3084; x_wconf 82' lang='lat' dir='ltr'><strong>i&#39;nde</strong></span> <span class='ocrx_word' id='word_1_142' title='bbox 676 3038 840 3082; x_wconf 83' lang='lat' dir='ltr'><strong>mox</strong></span> <span class='ocrx_word' id='word_1_143' title='bbox 864 3020 937 3082; x_wconf 87' lang='lat' dir='ltr'><strong>in</strong></span> <span class='ocrx_word' id='word_1_144' title='bbox 970 3015 1310 3084; x_wconf 79' lang='lat' dir='ltr'><strong>Galilaeam</strong></span> <span class='ocrx_word' id='word_1_145' title='bbox 1352 3017 1567 3084; x_wconf 86' lang='lat' dir='ltr'><strong>redire</strong></span> <span class='ocrx_word' id='word_1_146' title='bbox 1596 3019 1775 3085; x_wconf 83' lang='lat' dir='ltr'><strong>facit.</strong></span> 
     </span>
    </p>

    <p class='ocr_par' dir='ltr' id='par_1_12' title="bbox 319 3117 2301 3218">
     <span class='ocr_line' id='line_1_24' title="bbox 319 3117 2301 3218; baseline -0.002 -21"><span class='ocrx_word' id='word_1_147' title='bbox 319 3117 324 3120; x_wconf 35' lang='lat'>¹</span> <span class='ocrx_word' id='word_1_148' title='bbox 549 3131 769 3197; x_wconf 84' lang='lat' dir='ltr'><strong>Filnm</strong></span> <span class='ocrx_word' id='word_1_149' title='bbox 806 3127 1192 3198; x_wconf 82' lang='lat' dir='ltr'><strong>historioum</strong></span> <span class='ocrx_word' id='word_1_150' title='bbox 1229 3132 1435 3217; x_wconf 86' lang='lat' dir='ltr'><strong>igitur</strong></span> <span class='ocrx_word' id='word_1_151' title='bbox 1482 3132 1805 3218; x_wconf 82' lang='lat' dir='ltr'><strong>quomodo</strong></span> <span class='ocrx_word' id='word_1_152' title='bbox 1848 3128 2301 3198; x_wconf 63' lang='lat' dir='ltr'><strong>efficiendum?</strong></span> 
     </span>
    </p>

    <p class='ocr_par' dir='ltr' id='par_1_13' title="bbox 549 3241 2451 3330">
     <span class='ocr_line' id='line_1_25' title="bbox 549 3241 2451 3330; baseline -0.002 -22"><span class='ocrx_word' id='word_1_153' title='bbox 549 3241 974 3308; x_wconf 74' lang='lat' dir='ltr'><strong>oblationem</strong></span> <span class='ocrx_word' id='word_1_154' title='bbox 1013 3244 1086 3306; x_wconf 88' lang='lat' dir='ltr'><strong>in</strong></span> <span class='ocrx_word' id='word_1_155' title='bbox 1131 3242 1376 3330; x_wconf 84' lang='lat' dir='ltr'><strong>templo</strong></span> <span class='ocrx_word' id='word_1_156' title='bbox 1416 3243 1599 3310; x_wconf 79' lang='lat' dir='ltr'><strong>inter</strong></span> <span class='ocrx_word' id='word_1_157' title='bbox 1636 3245 2081 3308; x_wconf 83' lang='lat' dir='ltr'><strong>adorationem</strong></span> <span class='ocrx_word' id='word_1_158' title='bbox 2113 3260 2451 3328; x_wconf 86' lang='lat' dir='ltr'><strong>magorum</strong></span> 
     </span>
    </p>
   </div>
   <div class='ocr_carea' id='block_1_11' title="bbox 251 3351 2455 3443">
    <p class='ocr_par' dir='ltr' id='par_1_14' title="bbox 251 3351 2455 3443">
     <span class='ocr_line' id='line_1_26' title="bbox 251 3351 2455 3443; baseline -0.003 -21"><span class='ocrx_word' id='word_1_159' title='bbox 251 3380 258 3386; x_wconf 92' lang='lat'>·</span> <span class='ocrx_word' id='word_1_160' title='bbox 373 3369 438 3422; x_wconf 91' lang='lat' dir='ltr'><strong>et</strong></span> <span class='ocrx_word' id='word_1_161' title='bbox 469 3355 693 3442; x_wconf 85' lang='lat' dir='ltr'><strong>fugam</strong></span> <span class='ocrx_word' id='word_1_162' title='bbox 721 3355 793 3418; x_wconf 86' lang='lat' dir='ltr'><strong>in</strong></span> <span class='ocrx_word' id='word_1_163' title='bbox 826 3351 1187 3440; x_wconf 78' lang='lat' dir='ltr'><strong>AEgyptum</strong></span> <span class='ocrx_word' id='word_1_164' title='bbox 1216 3357 1607 3442; x_wconf 82' lang='lat' dir='ltr'><strong>interpretes</strong></span> <span class='ocrx_word' id='word_1_165' title='bbox 1646 3354 1833 3420; x_wconf 87' lang='lat' dir='ltr'><strong>multi</strong></span> <span class='ocrx_word' id='word_1_166' title='bbox 1875 3367 2263 3443; x_wconf 82' lang='lat' dir='ltr'><strong>posuerunt:</strong></span> <span class='ocrx_word' id='word_1_167' title='bbox 2305 3353 2455 3420; x_wconf 64' lang='lat' dir='ltr'><strong>Aw</strong></span> 
     </span>
    </p>
   </div>
   <div class='ocr_carea' id='block_1_12' title="bbox 282 3463 2452 3782">
    <p class='ocr_par' dir='ltr' id='par_1_15' title="bbox 282 3463 2452 3782">
     <span class='ocr_line' id='line_1_27' title="bbox 368 3463 2452 3568; baseline -0.007 -25"><span class='ocrx_word' id='word_1_168' title='bbox 368 3470 629 3568; x_wconf 64' lang='lat' dir='ltr'><strong>gastim</strong></span> <span class='ocrx_word' id='word_1_169' title='bbox 663 3467 775 3549; x_wconf 71' lang='grc' dir='ltr'><strong>(ἆθ</strong></span> <span class='ocrx_word' id='word_1_170' title='bbox 808 3487 989 3532; x_wconf 72' lang='grc'><strong>00118</strong></span> <span class='ocrx_word' id='word_1_171' title='bbox 1026 3466 1190 3532; x_wconf 84' lang='lat' dir='ltr'><strong>EVV·</strong></span> <span class='ocrx_word' id='word_1_172' title='bbox 1223 3466 1310 3532; x_wconf 85' lang='lat' dir='ltr'><strong>II·</strong></span> <span class='ocrx_word' id='word_1_173' title='bbox 1332 3469 1465 3550; x_wconf 83' lang='grc'>17),</span> <span class='ocrx_word' id='word_1_174' title='bbox 1510 3468 1777 3540; x_wconf 73' lang='lat' dir='ltr'><strong>Calvin-</strong></span> <span class='ocrx_word' id='word_1_175' title='bbox 1822 3469 2160 3538; x_wconf 71' lang='grc' dir='ltr'><strong>Οήενηηίἰ.</strong></span> <span class='ocrx_word' id='word_1_176' title='bbox 2206 3463 2452 3536; x_wconf 79' lang='lat' dir='ltr'><strong>Cleric.</strong></span> 
     </span>
     <span class='ocr_line' id='line_1_28' title="bbox 375 3549 2449 3668; baseline -0.002 -25"><span class='ocrx_word' id='word_1_177' title='bbox 375 3583 446 3644; x_wconf 77' lang='lat' dir='ltr'><strong>in</strong></span> <span class='ocrx_word' id='word_1_178' title='bbox 488 3581 692 3648; x_wconf 86' lang='lat' dir='ltr'><strong>harm</strong></span> <span class='ocrx_word' id='word_1_179' title='bbox 735 3602 878 3646; x_wconf 80' lang='lat' dir='ltr'><strong>evv-</strong></span> <span class='ocrx_word' id='word_1_180' title='bbox 896 3627 918 3660; x_wconf 89' lang='lat'>‚</span> <span class='ocrx_word' id='word_1_181' title='bbox 997 3581 1194 3648; x_wconf 80' lang='lat' dir='ltr'><strong>Grot.</strong></span> <span class='ocrx_word' id='word_1_182' title='bbox 1245 3579 1484 3668; x_wconf 83' lang='lat' dir='ltr'><em>Wolf.</em></span> <span class='ocrx_word' id='word_1_183' title='bbox 1560 3585 1633 3650; x_wconf 88' lang='lat' dir='ltr'><strong>in</strong></span> <span class='ocrx_word' id='word_1_184' title='bbox 1670 3605 1804 3649; x_wconf 83' lang='lat' dir='ltr'><strong>eur.</strong></span> <span class='ocrx_word' id='word_1_185' title='bbox 1846 3579 2075 3668; x_wconf 78' lang='lat' dir='ltr'><strong>philol.</strong></span> <span class='ocrx_word' id='word_1_186' title='bbox 2090 3549 2223 3642; x_wconf 83' lang='lat' dir='ltr'><strong>ad.</strong></span> <span class='ocrx_word' id='word_1_187' title='bbox 2264 3576 2334 3640; x_wconf 88' lang='lat' dir='ltr'><strong>h.</strong></span> <span class='ocrx_word' id='word_1_188' title='bbox 2378 3573 2449 3655; x_wconf 88' lang='grc'><strong>1.,</strong></span> 
     </span>
     <span class='ocr_line' id='line_1_29' title="bbox 282 3688 2451 3782; baseline -0.004 -24"><span class='ocrx_word' id='word_1_189' title='bbox 282 3705 286 3712; x_wconf 89' lang='grc'><strong>’</strong></span> <span class='ocrx_word' id='word_1_190' title='bbox 373 3693 564 3760; x_wconf 76' lang='lat' dir='ltr'><strong>Storr</strong></span> <span class='ocrx_word' id='word_1_191' title='bbox 606 3695 764 3760; x_wconf 85' lang='lat' dir='ltr'><strong>diss.</strong></span> <span class='ocrx_word' id='word_1_192' title='bbox 813 3695 884 3759; x_wconf 90' lang='lat' dir='ltr'><strong>in</strong></span> <span class='ocrx_word' id='word_1_193' title='bbox 927 3691 1014 3758; x_wconf 88' lang='lat' dir='ltr'><strong>..ll</strong></span> <span class='ocrx_word' id='word_1_194' title='bbox 1052 3690 1138 3758; x_wconf 89' lang='grc' dir='ltr'><strong>Ν.</strong></span> <span class='ocrx_word' id='word_1_195' title='bbox 1179 3692 1261 3758; x_wconf 91' lang='grc' dir='ltr'><strong>Τ.</strong></span> <span class='ocrx_word' id='word_1_196' title='bbox 1306 3692 1681 3782; x_wconf 80' lang='lat' dir='ltr'><strong>hist.11.p.</strong></span> <span class='ocrx_word' id='word_1_197' title='bbox 1720 3702 1754 3760; x_wconf 90' lang='lat'>1</span> <span class='ocrx_word' id='word_1_198' title='bbox 1794 3716 1885 3761; x_wconf 85' lang='lat' dir='ltr'><strong>ss.</strong></span> <span class='ocrx_word' id='word_1_199' title='bbox 1928 3691 2015 3758; x_wconf 83' lang='lat' dir='ltr'><strong>al.</strong></span> <span class='ocrx_word' id='word_1_200' title='bbox 2046 3693 2138 3780; x_wconf 71' lang='lat'><strong>²²),</strong></span> <span class='ocrx_word' id='word_1_201' title='bbox 2196 3688 2315 3754; x_wconf 80' lang='lat' dir='ltr'><strong>sed</strong></span> <span class='ocrx_word' id='word_1_202' title='bbox 2353 3689 2451 3751; x_wconf 90' lang='lat' dir='ltr'><strong>in-</strong></span> 
     </span>
    </p>
   </div>
   <div class='ocr_carea' id='block_1_13' title="bbox 443 3932 2450 4118">
    <p class='ocr_par' dir='ltr' id='par_1_16' title="bbox 443 3932 2450 4118">
     <span class='ocr_line' id='line_1_30' title="bbox 443 3932 2450 4013; baseline -0.011 -6"><span class='ocrx_word' id='word_1_203' title='bbox 443 3933 508 4006; x_wconf 76' lang='lat'><strong>⁸)</strong></span> <span class='ocrx_word' id='word_1_204' title='bbox 579 3935 650 3990; x_wconf 87' lang='lat' dir='ltr'><strong>In</strong></span> <span class='ocrx_word' id='word_1_205' title='bbox 676 3932 934 3994; x_wconf 56' lang='lat' dir='ltr'><strong>*ecclesia</strong></span> <span class='ocrx_word' id='word_1_206' title='bbox 984 3939 1222 4011; x_wconf 79' lang='lat' dir='ltr'><strong>antiqua</strong></span> <span class='ocrx_word' id='word_1_207' title='bbox 1273 3933 1431 3994; x_wconf 86' lang='lat' dir='ltr'><strong>hunc</strong></span> <span class='ocrx_word' id='word_1_208' title='bbox 1474 3939 1753 4013; x_wconf 79' lang='lat' dir='ltr'><strong>temporis</strong></span> <span class='ocrx_word' id='word_1_209' title='bbox 1799 3936 2065 3992; x_wconf 84' lang='lat' dir='ltr'><strong>ordinem</strong></span> <span class='ocrx_word' id='word_1_210' title='bbox 2109 3949 2215 3988; x_wconf 61' lang='lat' dir='ltr'><strong>&gt;cen</strong></span> <span class='ocrx_word' id='word_1_211' title='bbox 2253 3948 2450 3986; x_wconf 83' lang='lat' dir='ltr'><strong>verum</strong></span> 
     </span>
     <span class='ocr_line' id='line_1_31' title="bbox 579 4021 2447 4118; baseline 0 -36"><span class='ocrx_word' id='word_1_212' title='bbox 579 4041 874 4103; x_wconf 80' lang='lat' dir='ltr'><strong>receptum</strong></span> <span class='ocrx_word' id='word_1_213' title='bbox 908 4025 1106 4099; x_wconf 72' lang='lat' dir='ltr'><strong>fuisse,</strong></span> <span class='ocrx_word' id='word_1_214' title='bbox 1143 4039 1369 4087; x_wconf 75' lang='lat' dir='ltr'><strong>constat</strong></span> <span class='ocrx_word' id='word_1_215' title='bbox 1403 4040 1473 4084; x_wconf 79' lang='lat' dir='ltr'><strong>ex</strong></span> <span class='ocrx_word' id='word_1_216' title='bbox 1506 4025 1831 4118; x_wconf 67' lang='lat' dir='ltr'><strong>oniendario</strong></span> <span class='ocrx_word' id='word_1_217' title='bbox 1869 4043 2053 4099; x_wconf 75' lang='lat' dir='ltr'><strong>sacro,</strong></span> <span class='ocrx_word' id='word_1_218' title='bbox 2094 4022 2250 4099; x_wconf 78' lang='lat' dir='ltr'><strong>quod</strong></span> <span class='ocrx_word' id='word_1_219' title='bbox 2285 4021 2340 4082; x_wconf 84' lang='lat' dir='ltr'><strong>d.</strong></span> <span class='ocrx_word' id='word_1_220' title='bbox 2375 4025 2447 4084; x_wconf 85' lang='lat'><strong>13</strong></span> 
     </span>
    </p>
   </div>
  </div>
 </body>
</html>
