2850 4584
1245 201 1533 310 s11'

439 491 446 502 .
503 443 722 510 Locus
761 445 915 520 Joh.
959 463 1048 510 ex
1087 445 1473 530 fragmentis
1516 445 1789 510 diversis
1834 448 2227 531 compositus
2264 453 2395 521 est3

273 609 290 637 χ
331 578 488 624 nam
525 570 766 644 praeter
813 575 930 640 ea,
999 579 1140 645 quae
1182 555 1330 621 Joh.
1387 559 1731 624 occasione
1780 558 1937 622 data
1988 579 2077 626 ex
2133 560 2401 644 ingenio

333 689 455 760 suo
496 670 881 756 interposuit
920 673 1040 756 (vs.
1077 672 1353 754 16-18)
1373 719 1394 752 ,
1440 693 1519 736 ea
1548 665 1861 754 Baptistae
1892 669 2133 752 verba,
2172 670 2402 757 quibus

339 780 562 846 Jesum
599 782 805 866 digito
845 785 1032 868 quasi
1087 783 1387 870 designat
1429 786 1551 868 (vs.
1599 785 1706 863 15,
1730 785 2050 868 29—31)‚
2094 783 2404 870 temporis

339 895 605 958 serioris
635 906 784 958 sunt
801 941 824 974 ,
853 916 978 980 quo
1007 897 1077 958 in
1105 896 1340 962 iisdem
1371 873 1617 968 deserti
1643 895 2018 980 regionibus
2048 894 2241 962 simul
2266 917 2407 959 ver-

339 1008 464 1070 sati
494 1018 682 1088 sunt,
729 1009 866 1072 sive
903 1020 1054 1072 ante
1078 1011 1217 1074 sive
1244 1021 1393 1093 post
1431 1007 1821 1093 baptismum
1834 1029 1859 1084 3
1902 1007 1985 1072 ad
2015 1008 2153 1080 haec
2184 1017 2407 1080 autem

342 1139 432 1182 ex
474 1130 766 1203 tempore
799 1123 1020 1208 priore
1036 1169 1057 1203 ,
1119 1142 1204 1186 ne
1251 1123 1619 1186 testimonia
1664 1121 1973 1188 deessent
2022 1122 2424 1207 antiquiora,

339 1229 473 1294 alia
521 1232 812 1317 quaedam
851 1255 1226 1314 accessere,
1269 1255 1374 1300 vs.
1421 1237 1673 1298 19-228
1716 1233 1815 1317 *).,
1911 1231 2159 1326 Verum
2192 1233 2265 1296 in
2305 1229 2409 1296 his

345 1343 577 1424 etiam,
659 1347 720 1408 si
757 1367 800 1410 a
838 1345 986 1420 loco
1025 1347 1310 1413 Esaiano
1361 1357 1428 1410 et
1472 1347 1759 1432 imagine
1811 1346 2109 1430 corrigite
2162 1341 2413 1408 calceo-

227 1507 236 1516 ,
341 1476 490 1519 rum
533 1456 963 1562 discesseris,
991 1457 1154 1524 nihil
1199 1459 1350 1526 Joh.
1393 1481 1539 1525 cum
1578 1479 1855 1544 evaugg.
1900 1455 2021 1522 rel.
2074 1475 2413 1528 commune

345 1580 477 1642 est3
537 1569 862 1650 imovero,
912 1592 1110 1656 quum
1154 1574 1370 1640 studio
1411 1574 1620 1657 magis
1661 1572 2027 1657 dogmatico
2077 1568 2415 1655 historiam

345 1673 658 1763 Baptistae
717 1677 1058 1764 tractaret,
1109 1703 1335 1769 neque
1393 1682 1803 1768 disciplinam
1856 1686 2001 1749 vitae
2048 1680 2416 1752 describere

350 1809 563 1874 neque
617 1813 697 1855 ea
749 1793 1025 1872 afferre,
1105 1811 1247 1878 quae
1309 1806 1537 1860 contra
1582 1815 1795 1860 mores
1848 1795 2219 1868 Judaeqrum
2279 1815 2421 1858 cor·-

351 1912 580 1985 ruptos
632 1901 804 1968 dicta
839 1916 1028 1986 sunt,
1093 1925 1281 1973 suum
1324 1926 1471 1970 esse
1514 1905 1739 1986 duxit,
1794 1906 1915 1970 sed
1952 1908 2022 1969 in
2063 1907 2421 1973 testimonii

351 2016 673 2098 gravitate
719 1993 1040 2098 substitit,
1089 2037 1220 2104 qual
1257 2014 1555 2104 Baptista
1608 2019 1677 2080 in
1727 2020 2067 2083 occasione
2087 2066 2108 2099 ,
2153 2041 2278 2104 qua
2322 2039 2420 2082 so-

349 2125 608 2192 lennior
654 2127 869 2210 nulla,
947 2127 1262 2195 honorem
1307 2127 1437 2194 sibi
1478 2152 1521 2194 a
1557 2128 1793 2216 legatis
1839 2131 2213 2196 Judaeorum
2248 2130 2423 2198 dela-

353 2252 488 2304 tum
528 2242 598 2303 in
640 2239 958 2307 Messinm
996 2243 1288 2307 modeste
1331 2245 1607 2306 transire
1646 2246 1873 2351 jussit.

550 2351 722 2419 Not.
769 2339 1150 2418 formulam
1169 2321 1543 2420 trans‘fflndi
1589 2359 1663 2438 τῇ
1722 2351 2042 2444 ἐπαύριον,
2096 2353 2245 2418 Joh.
2295 2356 2425 2420 fre-

356 2467 804 2551 quentiorem,
869 2465 935 2531 b.
974 2465 1020 2532 l.
1063 2479 1134 2534 ut
1157 2468 1413 2553 saepius
1462 2465 1707 2531 ambitu
1753 2465 1987 2535 latiore
2034 2469 2177 2533 sine
2226 2467 2421 2533 dubio

353 2577 868 2664 intelligendamz
1476 2647 1483 2656 ,

1291 2749 1508 2820 XIII.-

497 2913 712 2974 Matth.
761 2923 818 2986 3.
857 2921 1084 2992 ‚13—1'7.
1171 2913 1354 2972 Mare.
1406 2923 1463 2983 1,
1500 2887 1695 2976 ‘9--112
1782 2913 1925 2975 Luc.
1975 2919 2031 2986 3,
2066 2923 2154 2980 21.
2192 2921 2281 2980 22.
2337 2971 2345 2980 .

1085 3003 1182 3078 Cf,
1217 3003 1351 3066 Joh.
1389 3016 1445 3075 1,
1482 3011 1715 3085 32-34.

695 3185 702 3192 .
779 3094 1092 3188 Christus
1139 3140 1186 3184 a
1229 3117 1536 3186 Johanne
1585 3107 2017 3208 baptizatur.¹

529 3269 824 3357 Singulis
875 3272 1134 3358 singula
1199 3276 1468 3358 propria
1524 3282 1709 3336 suntz
1788 3272 1922 3338 Mt.
1979 3266 2265 3354 objectio
2314 3269 2431 3372 Jo-
2503 3306 2517 3318 κ

357 3382 594 3450 hannis
647 3407 688 3449 a
737 3382 898 3448 Jesu
939 3385 1303 3464 confutata,
1379 3385 1484 3452 M.
1530 3403 1769 3447 nomen
1808 3379 2191 3448 Nazarethae
2238 3405 2425 3447 accu-
2540 3449 2545 3454 ,
2592 3394 2607 3480 2

243 3553 270 3570 ‚
356 3499 560 3560 ratius
601 3499 923 3582 positum,
965 3497 1058 3564 L.
1097 3515 1310 3560 nexus
1350 3517 1497 3560 cum
1533 3497 1617 3560 iis
1652 3517 1791 3583 quae
1831 3515 2219 3581 praecessere
2254 3516 2427 3560 com-

364 3607 649 3688 modi013
691 3609 762 3675 .Τ.“
807 3630 961 3676 vero
977 3656 1008 3692 ,A
1041 3611 1154 3696 qui
1191 3623 1494 3675 eventum
1534 3608 1837 3696 baptismi
1868 3629 2003 3674 non
2036 3619 2423 3694 praesentem

437 3863 503 3933 ²⁶¹)
573 3863 764 3919 Verba
791 3859 992 3922 'eadem
1025 3886 1110 3928 vs.
1149 3873 1218 3931 15
1252 3882 1308 3927 et
1341 3874 1412 3932 2¹7
1446 3871 1713 3944 repetita,
1752 3869 1832 3925 ita
1869 3866 2169 3936 differunt,
2207 3878 2272 3922 ut
2306 3863 2426 3921 haec

581 3950 648 4006 dc
685 3955 898 4013 Messi-2
932 3959 1158 4028 futuro,
1221 3962 1318 4016 illa
1357 3959 1426 4016 de
1466 3961 1596 4015 Jesu
1630 3970 1903 4034 praesente
1938 3955 2091 4013 dicta
2137 3958 2289 4021 δίκης
2362 3958 2453 4014 id'

523 4059 526 4062 ·
581 4043 735 4118 quod
772 4045 1030 4104 indicant
1066 4051 1190 4123 ipsa
1227 4053 1399 4108 verba
1440 4069 1523 4108 vs.
1561 4056 1667 4116 15:
1742 4043 1903 4106 ὄντος
1933 4041 1996 4114 ἦν
2032 4045 2089 4107 ὃν
2124 4043 2280 4122 furrow.

539 4175 770 4284 ff‘.
